<?xml version="1.0" encoding="UTF-8"?>
<!DOCTYPE html PUBLIC "-//W3C//DTD XHTML 1.0 Transitional//EN"
    "http://www.w3.org/TR/xhtml1/DTD/xhtml1-transitional.dtd">
<html xmlns="http://www.w3.org/1999/xhtml" xml:lang="en" lang="en">
 <head>
  <title>
</title>
<meta http-equiv="Content-Type" content="text/html;charset=utf-8" />
  <meta name='ocr-system' content='tesseract 3.04.00' />
  <meta name='ocr-capabilities' content='ocr_page ocr_carea ocr_par ocr_line ocrx_word'/>
</head>
<body>
  <div class='ocr_page' id='page_1' title='image "./iulianiimperato01juligoog_0176.png"; bbox 0 0 2446 3870; ppageno 0'>
   <div class='ocr_carea' id='block_1_1' title="bbox 1 86 1131 3228">
    <p class='ocr_par' dir='ltr' id='par_1_1' title="bbox 1 86 1123 666">
     <span class='ocr_line' id='line_1_1' title="bbox 1 86 1083 198; baseline 0.001 -18"><span class='ocrx_word' id='word_1_1' title='bbox 1 86 21 142; x_wconf 49' lang='grc' dir='ltr'><strong><em>’ἐ</em></strong></span> <span class='ocrx_word' id='word_1_2' title='bbox 476 129 611 181; x_wconf 67' lang='lat' dir='ltr'><strong><em>omo</em></strong></span> <span class='ocrx_word' id='word_1_3' title='bbox 631 132 681 184; x_wconf 88' lang='lat'>111.</span> <span class='ocrx_word' id='word_1_4' title='bbox 1022 133 1083 198; x_wconf 74' lang='lat'><strong><em>163</em></strong></span> 
     </span>
     <span class='ocr_line' id='line_1_2' title="bbox 62 254 1083 349; baseline 0.007 -26"><span class='ocrx_word' id='word_1_5' title='bbox 62 269 135 336; x_wconf 83' lang='grc' dir='ltr'><strong><em>τοῖς</em></strong></span> <span class='ocrx_word' id='word_1_6' title='bbox 162 257 301 325; x_wconf 77' lang='grc' dir='ltr'><strong><em>ἐκείνων</em></strong></span> <span class='ocrx_word' id='word_1_7' title='bbox 333 255 446 341; x_wconf 90' lang='grc' dir='ltr'><strong><em>λόγοις</em></strong></span> <span class='ocrx_word' id='word_1_8' title='bbox 472 254 552 338; x_wconf 85' lang='grc' dir='ltr'><strong><em>τούς</em></strong></span> <span class='ocrx_word' id='word_1_9' title='bbox 585 259 731 345; x_wconf 81' lang='grc' dir='ltr'><strong><em>ἐμαυτοῦ</em></strong></span> <span class='ocrx_word' id='word_1_10' title='bbox 757 266 969 348; x_wconf 81' lang='grc' dir='ltr'><strong><em>παρατιθείς,</em></strong></span> <span class='ocrx_word' id='word_1_11' title='bbox 1002 261 1083 349; x_wconf 78' lang='grc' dir='ltr'><strong><em>μήτε</em></strong></span> 
     </span>
     <span class='ocr_line' id='line_1_3' title="bbox 63 359 1083 450; baseline 0.006 -20"><span class='ocrx_word' id='word_1_12' title='bbox 63 359 173 442; x_wconf 85' lang='grc' dir='ltr'><strong><em>άλλως</em></strong></span> <span class='ocrx_word' id='word_1_13' title='bbox 205 359 457 450; x_wconf 77' lang='grc' dir='ltr'><strong><em>ἀπεχθάνεσθαι</em></strong></span> <span class='ocrx_word' id='word_1_14' title='bbox 485 364 626 444; x_wconf 84' lang='grc' dir='ltr'><strong><em>ἐκείνοις</em></strong></span> <span class='ocrx_word' id='word_1_15' title='bbox 658 366 777 434; x_wconf 82' lang='grc' dir='ltr'><strong><em>ἐθέλω·</em></strong></span> <span class='ocrx_word' id='word_1_16' title='bbox 811 362 884 434; x_wconf 80' lang='grc' dir='ltr'><strong><em>ἀλλ’</em></strong></span> <span class='ocrx_word' id='word_1_17' title='bbox 915 363 978 435; x_wconf 85' lang='grc' dir='ltr'><strong><em>οὐκ</em></strong></span> <span class='ocrx_word' id='word_1_18' title='bbox 1005 366 1083 436; x_wconf 80' lang='grc' dir='ltr'><strong><em>οἶδα</em></strong></span> 
     </span>
     <span class='ocr_line' id='line_1_4' title="bbox 63 465 1123 562; baseline 0.003 -25"><span class='ocrx_word' id='word_1_19' title='bbox 63 465 181 537; x_wconf 85' lang='grc' dir='ltr'><strong><em>όντινα</em></strong></span> <span class='ocrx_word' id='word_1_20' title='bbox 209 468 337 557; x_wconf 81' lang='grc' dir='ltr'><strong><em>τρόπον</em></strong></span> <span class='ocrx_word' id='word_1_21' title='bbox 363 471 425 538; x_wconf 88' lang='grc' dir='ltr'><strong><em>τού</em></strong></span> <span class='ocrx_word' id='word_1_22' title='bbox 451 469 578 556; x_wconf 89' lang='grc' dir='ltr'><strong><em>μεγάλα</em></strong></span> <span class='ocrx_word' id='word_1_23' title='bbox 610 472 721 558; x_wconf 74' lang='grc' dir='ltr'><strong><em>λέγειν</em></strong></span> <span class='ocrx_word' id='word_1_24' title='bbox 749 473 786 540; x_wconf 84' lang='grc' dir='ltr'><strong><em>ἐκ</em></strong></span> <span class='ocrx_word' id='word_1_25' title='bbox 812 469 939 553; x_wconf 85' lang='grc' dir='ltr'><strong><em>παντὸς</em></strong></span> <span class='ocrx_word' id='word_1_26' title='bbox 966 469 1123 562; x_wconf 82' lang='grc' dir='ltr'><strong><em>όρεγό--Β</em></strong></span> 
     </span>
     <span class='ocr_line' id='line_1_5' title="bbox 61 573 1079 666; baseline 0.005 -23"><span class='ocrx_word' id='word_1_27' title='bbox 61 603 159 662; x_wconf 87' lang='grc' dir='ltr'><strong><em>μενοι</em></strong></span> <span class='ocrx_word' id='word_1_28' title='bbox 187 578 335 662; x_wconf 77' lang='grc' dir='ltr'><strong><em>χαλεπῶς</em></strong></span> <span class='ocrx_word' id='word_1_29' title='bbox 354 581 468 663; x_wconf 82' lang='grc' dir='ltr'><strong><em>ἔχουσι</em></strong></span> <span class='ocrx_word' id='word_1_30' title='bbox 494 574 578 666; x_wconf 89' lang='grc' dir='ltr'><strong><em>πρός</em></strong></span> <span class='ocrx_word' id='word_1_31' title='bbox 594 575 674 658; x_wconf 85' lang='grc' dir='ltr'><strong><em>τοὺς</em></strong></span> <span class='ocrx_word' id='word_1_32' title='bbox 692 576 736 665; x_wconf 85' lang='grc' dir='ltr'><strong><em>μῆ</em></strong></span> <span class='ocrx_word' id='word_1_33' title='bbox 755 573 919 648; x_wconf 88' lang='grc' dir='ltr'><strong><em>τάκείνων</em></strong></span> <span class='ocrx_word' id='word_1_34' title='bbox 944 582 1079 666; x_wconf 84' lang='grc' dir='ltr'><strong><em>ζηλούν-</em></strong></span> 
     </span>
    </p>

    <p class='ocr_par' dir='ltr' id='par_1_2' title="bbox 30 678 1081 1199">
     <span class='ocr_line' id='line_1_6' title="bbox 30 678 1081 774; baseline 0 -20"><span class='ocrx_word' id='word_1_35' title='bbox 30 714 44 754; x_wconf 83' lang='grc' dir='ltr'><strong><em>ε</em></strong></span> <span class='ocrx_word' id='word_1_36' title='bbox 61 708 121 762; x_wconf 91' lang='grc' dir='ltr'><strong><em>τας</em></strong></span> <span class='ocrx_word' id='word_1_37' title='bbox 139 683 196 750; x_wconf 84' lang='grc' dir='ltr'><strong><em>καλ</em></strong></span> <span class='ocrx_word' id='word_1_38' title='bbox 216 679 261 751; x_wconf 88' lang='grc' dir='ltr'><strong><em>δι’</em></strong></span> <span class='ocrx_word' id='word_1_39' title='bbox 292 687 400 762; x_wconf 79' lang='grc' dir='ltr'><strong><em>αἰτίας</em></strong></span> <span class='ocrx_word' id='word_1_40' title='bbox 419 679 563 768; x_wconf 75' lang='grc' dir='ltr'><strong><em>ἄγουσιν</em></strong></span> <span class='ocrx_word' id='word_1_41' title='bbox 591 678 636 764; x_wconf 88' lang='grc' dir='ltr'><strong><em>ῶς</em></strong></span> <span class='ocrx_word' id='word_1_42' title='bbox 663 688 914 774; x_wconf 77' lang='grc' dir='ltr'><strong><em>καθαιρούντας</em></strong></span> <span class='ocrx_word' id='word_1_43' title='bbox 932 682 994 773; x_wconf 89' lang='grc' dir='ltr'><strong><em>τῆν</em></strong></span> <span class='ocrx_word' id='word_1_44' title='bbox 1013 688 1081 753; x_wconf 91' lang='grc' dir='ltr'><strong><em>τῶν</em></strong></span> 
     </span>
     <span class='ocr_line' id='line_1_7' title="bbox 59 787 1081 881; baseline 0.003 -24"><span class='ocrx_word' id='word_1_45' title='bbox 59 788 175 874; x_wconf 90' lang='grc' dir='ltr'><strong><em>λόγων</em></strong></span> <span class='ocrx_word' id='word_1_46' title='bbox 208 787 315 877; x_wconf 83' lang='grc' dir='ltr'><strong><em>ἰσχύν.</em></strong></span> <span class='ocrx_word' id='word_1_47' title='bbox 364 788 451 877; x_wconf 90' lang='grc' dir='ltr'><strong><em>μόνα</em></strong></span> <span class='ocrx_word' id='word_1_48' title='bbox 488 787 552 878; x_wconf 82' lang='grc' dir='ltr'><strong><em>γάρ</em></strong></span> <span class='ocrx_word' id='word_1_49' title='bbox 585 787 673 858; x_wconf 81' lang='grc' dir='ltr'><strong><em>εἶναι</em></strong></span> <span class='ocrx_word' id='word_1_50' title='bbox 708 793 776 859; x_wconf 91' lang='grc' dir='ltr'><strong><em>τῶν</em></strong></span> <span class='ocrx_word' id='word_1_51' title='bbox 814 797 922 881; x_wconf 90' lang='grc' dir='ltr'><strong><em>ἐργωυ</em></strong></span> <span class='ocrx_word' id='word_1_52' title='bbox 955 791 1081 880; x_wconf 85' lang='grc' dir='ltr'><strong><em>ζηλωτά</em></strong></span> 
     </span>
     <span class='ocr_line' id='line_1_8' title="bbox 60 893 1080 983; baseline 0.002 -19"><span class='ocrx_word' id='word_1_53' title='bbox 60 916 148 982; x_wconf 86' lang='grc' dir='ltr'><strong><em>φασι</em></strong></span> <span class='ocrx_word' id='word_1_54' title='bbox 180 896 237 963; x_wconf 82' lang='grc' dir='ltr'><strong><em>καί</em></strong></span> <span class='ocrx_word' id='word_1_55' title='bbox 265 898 416 983; x_wconf 87' lang='grc' dir='ltr'><strong><em>σπουδῆς</em></strong></span> <span class='ocrx_word' id='word_1_56' title='bbox 448 893 523 977; x_wconf 83' lang='grc' dir='ltr'><strong><em>άξια</em></strong></span> <span class='ocrx_word' id='word_1_57' title='bbox 551 897 606 964; x_wconf 83' lang='grc' dir='ltr'><strong><em>καί</em></strong></span> <span class='ocrx_word' id='word_1_58' title='bbox 638 900 772 966; x_wconf 77' lang='grc' dir='ltr'><strong><em>πολλῶν</em></strong></span> <span class='ocrx_word' id='word_1_59' title='bbox 796 899 946 966; x_wconf 83' lang='grc' dir='ltr'><strong><em>ἐπαίνων</em></strong></span> <span class='ocrx_word' id='word_1_60' title='bbox 972 893 1080 967; x_wconf 83' lang='grc' dir='ltr'><strong><em>ὁπόσα</em></strong></span> 
     </span>
     <span class='ocr_line' id='line_1_9' title="bbox 61 999 1081 1092; baseline 0.002 -22"><span class='ocrx_word' id='word_1_61' title='bbox 61 1000 119 1070; x_wconf 83' lang='grc' dir='ltr'><strong><em>διὰ</em></strong></span> <span class='ocrx_word' id='word_1_62' title='bbox 147 1004 290 1090; x_wconf 74' lang='grc' dir='ltr'><strong><em>μέγεθος</em></strong></span> <span class='ocrx_word' id='word_1_63' title='bbox 315 999 380 1092; x_wconf 89' lang='grc' dir='ltr'><strong><em>ῆδη</em></strong></span> <span class='ocrx_word' id='word_1_64' title='bbox 405 1004 494 1071; x_wconf 82' lang='grc' dir='ltr'><strong><em>τισίν</em></strong></span> <span class='ocrx_word' id='word_1_65' title='bbox 522 999 642 1072; x_wconf 84' lang='grc' dir='ltr'><strong><em>άπιστα</em></strong></span> <span class='ocrx_word' id='word_1_66' title='bbox 665 1003 784 1091; x_wconf 81' lang='grc' dir='ltr'><strong><em>ἐφάνη,</em></strong></span> <span class='ocrx_word' id='word_1_67' title='bbox 813 999 913 1072; x_wconf 81' lang='grc' dir='ltr'><strong><em>ὁποῖα</em></strong></span> <span class='ocrx_word' id='word_1_68' title='bbox 937 1004 978 1091; x_wconf 88' lang='grc' dir='ltr'><strong><em>δῆ</em></strong></span> <span class='ocrx_word' id='word_1_69' title='bbox 1005 1031 1081 1073; x_wconf 89' lang='grc' dir='ltr'><strong><em>τινα</em></strong></span> 
     </span>
     <span class='ocr_line' id='line_1_10' title="bbox 59 1106 1080 1199; baseline 0.002 -23"><span class='ocrx_word' id='word_1_70' title='bbox 59 1107 101 1177; x_wconf 80' lang='grc' dir='ltr'><strong><em>τά</em></strong></span> <span class='ocrx_word' id='word_1_71' title='bbox 128 1109 206 1199; x_wconf 78' lang='grc' dir='ltr'><strong><em>περὶ</em></strong></span> <span class='ocrx_word' id='word_1_72' title='bbox 232 1111 291 1196; x_wconf 90' lang='grc' dir='ltr'><strong><em>τῆς</em></strong></span> <span class='ocrx_word' id='word_1_73' title='bbox 315 1106 492 1198; x_wconf 78' lang='grc' dir='ltr'><strong><em>Ἀσσυρίας</em></strong></span> <span class='ocrx_word' id='word_1_74' title='bbox 526 1112 653 1197; x_wconf 79' lang='grc' dir='ltr'><strong><em>ἐκείνης</em></strong></span> <span class='ocrx_word' id='word_1_75' title='bbox 681 1109 856 1197; x_wconf 84' lang='grc' dir='ltr'><strong><em>γυναικός,</em></strong></span> <span class='ocrx_word' id='word_1_76' title='bbox 889 1106 910 1198; x_wconf 87' lang='grc' dir='ltr'><strong><em>ῆ</em></strong></span> <span class='ocrx_word' id='word_1_77' title='bbox 938 1117 1080 1198; x_wconf 80' lang='grc' dir='ltr'><strong><em>μεταβα-</em></strong></span> 
     </span>
    </p>

    <p class='ocr_par' dir='ltr' id='par_1_3' title="bbox 14 1212 1131 1738">
     <span class='ocr_line' id='line_1_11' title="bbox 14 1212 1079 1305; baseline -0.004 -17"><span class='ocrx_word' id='word_1_78' title='bbox 14 1249 42 1288; x_wconf 89' lang='lat'><strong><em>10</em></strong></span> <span class='ocrx_word' id='word_1_79' title='bbox 58 1217 170 1284; x_wconf 88' lang='grc' dir='ltr'><strong><em>λούσα</em></strong></span> <span class='ocrx_word' id='word_1_80' title='bbox 197 1213 350 1305; x_wconf 73' lang='grc' dir='ltr'><strong><em>καθάπερ</em></strong></span> <span class='ocrx_word' id='word_1_81' title='bbox 382 1219 523 1305; x_wconf 77' lang='grc' dir='ltr'><strong><em>ῥεῖθρον</em></strong></span> <span class='ocrx_word' id='word_1_82' title='bbox 550 1212 678 1297; x_wconf 74' lang='grc' dir='ltr'><strong><em>εύτελδς</em></strong></span> <span class='ocrx_word' id='word_1_83' title='bbox 709 1214 770 1285; x_wconf 90' lang='grc' dir='ltr'><strong><em>τὸν</em></strong></span> <span class='ocrx_word' id='word_1_84' title='bbox 798 1215 854 1285; x_wconf 81' lang='grc' dir='ltr'><strong><em>διδ</em></strong></span> <span class='ocrx_word' id='word_1_85' title='bbox 881 1219 940 1304; x_wconf 90' lang='grc' dir='ltr'><strong><em>τῆς</em></strong></span> <span class='ocrx_word' id='word_1_86' title='bbox 967 1223 1079 1303; x_wconf 81' lang='grc' dir='ltr'><strong><em>Βαβυ-</em></strong></span> 
     </span>
     <span class='ocr_line' id='line_1_12' title="bbox 58 1319 1077 1415; baseline 0.002 -26"><span class='ocrx_word' id='word_1_87' title='bbox 58 1324 169 1401; x_wconf 91' lang='grc' dir='ltr'><strong><em>λῶνος</em></strong></span> <span class='ocrx_word' id='word_1_88' title='bbox 197 1320 348 1410; x_wconf 86' lang='grc' dir='ltr'><strong><em>ποταμὸν</em></strong></span> <span class='ocrx_word' id='word_1_89' title='bbox 377 1324 498 1411; x_wconf 79' lang='grc' dir='ltr'><strong><em>ῥέοντα</em></strong></span> <span class='ocrx_word' id='word_1_90' title='bbox 526 1323 677 1409; x_wconf 80' lang='grc' dir='ltr'><strong><em>βασίλειά</em></strong></span> <span class='ocrx_word' id='word_1_91' title='bbox 704 1350 738 1391; x_wconf 92' lang='grc' dir='ltr'><strong><em>τε</em></strong></span> <span class='ocrx_word' id='word_1_92' title='bbox 766 1319 984 1415; x_wconf 68' lang='grc' dir='ltr'><strong><em>ᾠκοδόμησεν</em></strong></span> <span class='ocrx_word' id='word_1_93' title='bbox 1011 1319 1077 1391; x_wconf 86' lang='grc' dir='ltr'><strong><em>ύπό</em></strong></span> 
     </span>
     <span class='ocr_line' id='line_1_13' title="bbox 60 1421 1131 1518; baseline 0.002 -22"><span class='ocrx_word' id='word_1_94' title='bbox 60 1431 123 1516; x_wconf 89' lang='grc' dir='ltr'><strong><em>γῆς</em></strong></span> <span class='ocrx_word' id='word_1_95' title='bbox 149 1427 303 1515; x_wconf 80' lang='grc' dir='ltr'><strong><em>πάγκαλα</em></strong></span> <span class='ocrx_word' id='word_1_96' title='bbox 321 1431 377 1498; x_wconf 80' lang='grc' dir='ltr'><strong><em>καὶ</em></strong></span> <span class='ocrx_word' id='word_1_97' title='bbox 405 1432 551 1516; x_wconf 79' lang='grc' dir='ltr'><strong><em>μεθῆκεν</em></strong></span> <span class='ocrx_word' id='word_1_98' title='bbox 575 1425 659 1518; x_wconf 73' lang='grc' dir='ltr'><strong><em>ύπδρ</em></strong></span> <span class='ocrx_word' id='word_1_99' title='bbox 678 1432 747 1498; x_wconf 88' lang='grc' dir='ltr'><strong><em>τῶν</em></strong></span> <span class='ocrx_word' id='word_1_100' title='bbox 774 1429 938 1518; x_wconf 80' lang='grc' dir='ltr'><strong><em>χωμάτων</em></strong></span> <span class='ocrx_word' id='word_1_101' title='bbox 962 1421 1131 1510; x_wconf 70' lang='grc' dir='ltr'><strong><em>αὖθιςινι</em></strong></span> 
     </span>
     <span class='ocr_line' id='line_1_14' title="bbox 58 1530 1080 1624; baseline 0.002 -22"><span class='ocrx_word' id='word_1_102' title='bbox 58 1530 146 1623; x_wconf 71' lang='grc' dir='ltr'><strong><em>ὑπὲρ</em></strong></span> <span class='ocrx_word' id='word_1_103' title='bbox 175 1533 239 1624; x_wconf 88' lang='grc' dir='ltr'><strong><em>γδιρ</em></strong></span> <span class='ocrx_word' id='word_1_104' title='bbox 267 1531 310 1623; x_wconf 87' lang='grc' dir='ltr'><strong><em>δῆ</em></strong></span> <span class='ocrx_word' id='word_1_105' title='bbox 338 1535 461 1623; x_wconf 85' lang='grc' dir='ltr'><strong><em>ταύτης</em></strong></span> <span class='ocrx_word' id='word_1_106' title='bbox 479 1533 583 1616; x_wconf 86' lang='grc' dir='ltr'><strong><em>πολύς</em></strong></span> <span class='ocrx_word' id='word_1_107' title='bbox 610 1535 672 1623; x_wconf 70' lang='grc' dir='ltr'><strong><em>μὲν</em></strong></span> <span class='ocrx_word' id='word_1_108' title='bbox 690 1534 800 1622; x_wconf 86' lang='grc' dir='ltr'><strong><em>λόγος,</em></strong></span> <span class='ocrx_word' id='word_1_109' title='bbox 829 1532 874 1617; x_wconf 84' lang='grc' dir='ltr'><strong><em>ῶς</em></strong></span> <span class='ocrx_word' id='word_1_110' title='bbox 902 1536 1080 1624; x_wconf 78' lang='grc' dir='ltr'><strong><em>ἐναυμάχει</em></strong></span> 
     </span>
     <span class='ocr_line' id='line_1_15' title="bbox 59 1642 1080 1738; baseline -0.001 -28"><span class='ocrx_word' id='word_1_111' title='bbox 59 1642 165 1710; x_wconf 83' lang='grc' dir='ltr'><strong><em>ναυσὶ</em></strong></span> <span class='ocrx_word' id='word_1_112' title='bbox 201 1648 413 1732; x_wconf 85' lang='grc' dir='ltr'><strong><em>τρισχιλίαις,</em></strong></span> <span class='ocrx_word' id='word_1_113' title='bbox 450 1643 506 1710; x_wconf 83' lang='grc' dir='ltr'><strong><em>καί</em></strong></span> <span class='ocrx_word' id='word_1_114' title='bbox 544 1645 623 1730; x_wconf 79' lang='grc' dir='ltr'><strong><em>πεζῆ</em></strong></span> <span class='ocrx_word' id='word_1_115' title='bbox 659 1642 884 1738; x_wconf 89' lang='grc' dir='ltr'><strong><em>παρετάττετοΙ</em></strong></span> <span class='ocrx_word' id='word_1_116' title='bbox 915 1643 1080 1730; x_wconf 78' lang='grc' dir='ltr'><strong><em>μυριάδας</em></strong></span> 
     </span>
    </p>

    <p class='ocr_par' dir='ltr' id='par_1_4' title="bbox 12 1743 1115 2264">
     <span class='ocr_line' id='line_1_16' title="bbox 12 1743 1078 1837; baseline -0.003 -18"><span class='ocrx_word' id='word_1_117' title='bbox 12 1779 43 1819; x_wconf 83' lang='lat'><strong><em>15</em></strong></span> <span class='ocrx_word' id='word_1_118' title='bbox 59 1743 209 1816; x_wconf 79' lang='grc' dir='ltr'><strong><em>ὁπλιτῶν</em></strong></span> <span class='ocrx_word' id='word_1_119' title='bbox 226 1755 417 1837; x_wconf 86' lang='grc' dir='ltr'><strong><em>τριακοσίας</em></strong></span> <span class='ocrx_word' id='word_1_120' title='bbox 436 1745 576 1834; x_wconf 86' lang='grc' dir='ltr'><strong><em>άγουσα,</em></strong></span> <span class='ocrx_word' id='word_1_121' title='bbox 604 1748 642 1817; x_wconf 91' lang='grc' dir='ltr'><strong><em>τό</em></strong></span> <span class='ocrx_word' id='word_1_122' title='bbox 661 1775 695 1816; x_wconf 91' lang='grc' dir='ltr'><strong><em>τε</em></strong></span> <span class='ocrx_word' id='word_1_123' title='bbox 719 1751 756 1816; x_wconf 86' lang='grc' dir='ltr'><strong><em>ἐν</em></strong></span> <span class='ocrx_word' id='word_1_124' title='bbox 774 1751 954 1835; x_wconf 82' lang='grc' dir='ltr'><strong><em>Βαβυλῶνι</em></strong></span> <span class='ocrx_word' id='word_1_125' title='bbox 972 1764 1078 1835; x_wconf 79' lang='grc' dir='ltr'><strong><em>τεῖχος</em></strong></span> 
     </span>
     <span class='ocr_line' id='line_1_17' title="bbox 60 1850 1078 1947; baseline 0 -25"><span class='ocrx_word' id='word_1_126' title='bbox 60 1850 226 1947; x_wconf 68' lang='grc' dir='ltr'><strong><em>ᾠκοδόμει</em></strong></span> <span class='ocrx_word' id='word_1_127' title='bbox 254 1861 482 1924; x_wconf 87' lang='grc' dir='ltr'><strong><em>πεντακοσίων</em></strong></span> <span class='ocrx_word' id='word_1_128' title='bbox 511 1860 657 1924; x_wconf 87' lang='grc' dir='ltr'><strong><em>σταδίων</em></strong></span> <span class='ocrx_word' id='word_1_129' title='bbox 684 1853 804 1943; x_wconf 87' lang='grc' dir='ltr'><strong><em>μικρὸν</em></strong></span> <span class='ocrx_word' id='word_1_130' title='bbox 832 1851 994 1939; x_wconf 80' lang='grc' dir='ltr'><strong><em>άποδέου,</em></strong></span> <span class='ocrx_word' id='word_1_131' title='bbox 1022 1855 1078 1922; x_wconf 83' lang='grc' dir='ltr'><strong><em>καὶ</em></strong></span> 
     </span>
     <span class='ocr_line' id='line_1_18' title="bbox 57 1958 1078 2051; baseline -0.002 -23"><span class='ocrx_word' id='word_1_132' title='bbox 57 1959 100 2028; x_wconf 81' lang='grc' dir='ltr'><strong><em>τά</em></strong></span> <span class='ocrx_word' id='word_1_133' title='bbox 128 1962 206 2050; x_wconf 78' lang='grc' dir='ltr'><strong><em>περὶ</em></strong></span> <span class='ocrx_word' id='word_1_134' title='bbox 233 1959 295 2049; x_wconf 80' lang='grc' dir='ltr'><strong><em>τῆν</em></strong></span> <span class='ocrx_word' id='word_1_135' title='bbox 322 1961 421 2030; x_wconf 94' lang='grc' dir='ltr'><strong><em>πόλιν</em></strong></span> <span class='ocrx_word' id='word_1_136' title='bbox 449 1958 621 2051; x_wconf 86' lang='grc' dir='ltr'><strong><em>όρύγματα</em></strong></span> <span class='ocrx_word' id='word_1_137' title='bbox 645 1962 701 2029; x_wconf 79' lang='grc' dir='ltr'><strong><em>καὶ</em></strong></span> <span class='ocrx_word' id='word_1_138' title='bbox 729 1958 812 2029; x_wconf 88' lang='grc' dir='ltr'><strong><em>άλλα</em></strong></span> <span class='ocrx_word' id='word_1_139' title='bbox 840 1963 1002 2046; x_wconf 78' lang='grc' dir='ltr'><strong><em>πολυτελῆ</em></strong></span> <span class='ocrx_word' id='word_1_140' title='bbox 1022 1961 1078 2028; x_wconf 79' lang='grc' dir='ltr'><strong><em>καὶ</em></strong></span> 
     </span>
     <span class='ocr_line' id='line_1_19' title="bbox 58 2065 1075 2156; baseline -0.003 -21"><span class='ocrx_word' id='word_1_141' title='bbox 58 2066 240 2156; x_wconf 85' lang='grc' dir='ltr'><strong><em>δαπανηρόι</em></strong></span> <span class='ocrx_word' id='word_1_142' title='bbox 267 2067 563 2156; x_wconf 87' lang='grc' dir='ltr'><strong><em>κατασκευάσματα</em></strong></span> <span class='ocrx_word' id='word_1_143' title='bbox 591 2071 719 2154; x_wconf 78' lang='grc' dir='ltr'><strong><em>ἐκείνης</em></strong></span> <span class='ocrx_word' id='word_1_144' title='bbox 737 2072 817 2152; x_wconf 82' lang='grc' dir='ltr'><strong><em>ἔργα</em></strong></span> <span class='ocrx_word' id='word_1_145' title='bbox 845 2067 1006 2153; x_wconf 77' lang='grc' dir='ltr'><strong><em>γενέσθαι</em></strong></span> <span class='ocrx_word' id='word_1_146' title='bbox 1024 2065 1075 2133; x_wconf 88' lang='grc' dir='ltr'><strong><em>λέ-</em></strong></span> 
     </span>
     <span class='ocr_line' id='line_1_20' title="bbox 57 2167 1115 2264; baseline -0.006 -21"><span class='ocrx_word' id='word_1_147' title='bbox 57 2194 168 2260; x_wconf 91' lang='grc' dir='ltr'><strong><em>γουσι.</em></strong></span> <span class='ocrx_word' id='word_1_148' title='bbox 209 2179 377 2264; x_wconf 87' lang='grc' dir='ltr'><strong><em>Νίτωκρις</em></strong></span> <span class='ocrx_word' id='word_1_149' title='bbox 405 2173 442 2243; x_wconf 73' lang='grc' dir='ltr'><strong><em>δδ</em></strong></span> <span class='ocrx_word' id='word_1_150' title='bbox 469 2175 592 2263; x_wconf 82' lang='grc' dir='ltr'><strong><em>ταύτης</em></strong></span> <span class='ocrx_word' id='word_1_151' title='bbox 618 2175 763 2261; x_wconf 80' lang='grc' dir='ltr'><strong><em>νεωτέρα</em></strong></span> <span class='ocrx_word' id='word_1_152' title='bbox 791 2174 846 2241; x_wconf 82' lang='grc' dir='ltr'><strong><em>καὶ</em></strong></span> <span class='ocrx_word' id='word_1_153' title='bbox 870 2167 1115 2259; x_wconf 87' lang='grc' dir='ltr'><strong><em>ῬοδογούνηΒ</em></strong></span> 
     </span>
    </p>

    <p class='ocr_par' dir='ltr' id='par_1_5' title="bbox 13 2279 1077 2795">
     <span class='ocr_line' id='line_1_21' title="bbox 13 2279 1077 2370; baseline -0.006 -18"><span class='ocrx_word' id='word_1_154' title='bbox 13 2311 42 2352; x_wconf 78' lang='grc' dir='ltr'><strong><em>ιο</em></strong></span> <span class='ocrx_word' id='word_1_155' title='bbox 56 2281 116 2349; x_wconf 82' lang='grc' dir='ltr'><strong><em>καὶ</em></strong></span> <span class='ocrx_word' id='word_1_156' title='bbox 151 2279 305 2370; x_wconf 86' lang='grc' dir='ltr'><strong><em>Τῶμυρις</em></strong></span> <span class='ocrx_word' id='word_1_157' title='bbox 341 2282 396 2350; x_wconf 84' lang='grc' dir='ltr'><strong><em>καί</em></strong></span> <span class='ocrx_word' id='word_1_158' title='bbox 433 2287 551 2370; x_wconf 91' lang='grc' dir='ltr'><strong><em>μυρίος</em></strong></span> <span class='ocrx_word' id='word_1_159' title='bbox 584 2280 626 2368; x_wconf 82' lang='grc' dir='ltr'><strong><em>δή</em></strong></span> <span class='ocrx_word' id='word_1_160' title='bbox 657 2307 707 2361; x_wconf 86' lang='grc' dir='ltr'><strong><em>τις</em></strong></span> <span class='ocrx_word' id='word_1_161' title='bbox 742 2281 871 2369; x_wconf 82' lang='grc' dir='ltr'><strong><em>ἐπιρρεῖ</em></strong></span> <span class='ocrx_word' id='word_1_162' title='bbox 905 2281 1077 2365; x_wconf 89' lang='grc' dir='ltr'><strong><em>γυναικῶν</em></strong></span> 
     </span>
     <span class='ocr_line' id='line_1_22' title="bbox 58 2383 1074 2477; baseline -0.003 -22"><span class='ocrx_word' id='word_1_163' title='bbox 58 2383 158 2474; x_wconf 78' lang='grc' dir='ltr'><strong><em>ὄχλος</em></strong></span> <span class='ocrx_word' id='word_1_164' title='bbox 185 2383 433 2477; x_wconf 77' lang='grc' dir='ltr'><strong><em>ἀνδριζομένων</em></strong></span> <span class='ocrx_word' id='word_1_165' title='bbox 453 2383 495 2455; x_wconf 91' lang='grc' dir='ltr'><strong><em>ού</em></strong></span> <span class='ocrx_word' id='word_1_166' title='bbox 514 2394 589 2456; x_wconf 90' lang='grc' dir='ltr'><strong><em>λίαν</em></strong></span> <span class='ocrx_word' id='word_1_167' title='bbox 617 2383 796 2474; x_wconf 82' lang='grc' dir='ltr'><strong><em>εὐπρεπῶς.</em></strong></span> <span class='ocrx_word' id='word_1_168' title='bbox 833 2383 926 2466; x_wconf 84' lang='grc' dir='ltr'><strong><em>τινάς</em></strong></span> <span class='ocrx_word' id='word_1_169' title='bbox 954 2383 991 2453; x_wconf 70' lang='grc' dir='ltr'><strong><em>δὲ</em></strong></span> <span class='ocrx_word' id='word_1_170' title='bbox 1010 2383 1074 2472; x_wconf 76' lang='grc' dir='ltr'><strong><em>ἤδη</em></strong></span> 
     </span>
     <span class='ocr_line' id='line_1_23' title="bbox 57 2490 1075 2583; baseline -0.001 -23"><span class='ocrx_word' id='word_1_171' title='bbox 57 2490 117 2561; x_wconf 79' lang='grc' dir='ltr'><strong><em>διὰ</em></strong></span> <span class='ocrx_word' id='word_1_172' title='bbox 144 2491 182 2562; x_wconf 89' lang='grc' dir='ltr'><strong><em>τὸ</em></strong></span> <span class='ocrx_word' id='word_1_173' title='bbox 211 2493 331 2574; x_wconf 88' lang='grc' dir='ltr'><strong><em>κάλλος</em></strong></span> <span class='ocrx_word' id='word_1_174' title='bbox 349 2495 586 2583; x_wconf 81' lang='grc' dir='ltr'><strong><em>περιβλέπτους</em></strong></span> <span class='ocrx_word' id='word_1_175' title='bbox 604 2494 660 2562; x_wconf 80' lang='grc' dir='ltr'><strong><em>καί</em></strong></span> <span class='ocrx_word' id='word_1_176' title='bbox 679 2490 867 2581; x_wconf 80' lang='grc' dir='ltr'><strong><em>ὀνομαστὰς</em></strong></span> <span class='ocrx_word' id='word_1_177' title='bbox 894 2493 1075 2579; x_wconf 81' lang='grc' dir='ltr'><strong><em>γενομένας</em></strong></span> 
     </span>
     <span class='ocr_line' id='line_1_24' title="bbox 58 2595 1075 2689; baseline -0.001 -22"><span class='ocrx_word' id='word_1_178' title='bbox 58 2595 102 2667; x_wconf 88' lang='grc' dir='ltr'><strong><em>ού</em></strong></span> <span class='ocrx_word' id='word_1_179' title='bbox 130 2598 264 2689; x_wconf 86' lang='grc' dir='ltr'><strong><em>σφόδρα</em></strong></span> <span class='ocrx_word' id='word_1_180' title='bbox 293 2597 453 2689; x_wconf 87' lang='grc' dir='ltr'><strong><em>εύτυχῶς,</em></strong></span> <span class='ocrx_word' id='word_1_181' title='bbox 488 2598 600 2687; x_wconf 82' lang='grc' dir='ltr'><strong><em>ἐπειδὴ</em></strong></span> <span class='ocrx_word' id='word_1_182' title='bbox 629 2602 772 2688; x_wconf 80' lang='grc' dir='ltr'><strong><em>ταραχῆς</em></strong></span> <span class='ocrx_word' id='word_1_183' title='bbox 800 2608 902 2667; x_wconf 88' lang='grc' dir='ltr'><strong><em>αίτιαι</em></strong></span> <span class='ocrx_word' id='word_1_184' title='bbox 931 2599 987 2667; x_wconf 84' lang='grc' dir='ltr'><strong><em>καί</em></strong></span> <span class='ocrx_word' id='word_1_185' title='bbox 1015 2623 1075 2667; x_wconf 91' lang='grc' dir='ltr'><strong><em>πο-</em></strong></span> 
     </span>
     <span class='ocr_line' id='line_1_25' title="bbox 57 2702 1077 2795; baseline -0.002 -21"><span class='ocrx_word' id='word_1_186' title='bbox 57 2707 169 2792; x_wconf 86' lang='grc' dir='ltr'><strong><em>λέμων</em></strong></span> <span class='ocrx_word' id='word_1_187' title='bbox 200 2709 338 2795; x_wconf 92' lang='grc' dir='ltr'><strong><em>μακρῶν</em></strong></span> <span class='ocrx_word' id='word_1_188' title='bbox 371 2712 485 2775; x_wconf 77' lang='grc' dir='ltr'><strong><em>ἔθνεσι</em></strong></span> <span class='ocrx_word' id='word_1_189' title='bbox 513 2712 646 2795; x_wconf 91' lang='grc' dir='ltr'><strong><em>μυρίοις</em></strong></span> <span class='ocrx_word' id='word_1_190' title='bbox 677 2707 733 2775; x_wconf 82' lang='grc' dir='ltr'><strong><em>καὶ</em></strong></span> <span class='ocrx_word' id='word_1_191' title='bbox 761 2702 941 2794; x_wconf 83' lang='grc' dir='ltr'><strong><em>άνδράσιν,</em></strong></span> <span class='ocrx_word' id='word_1_192' title='bbox 975 2725 1077 2785; x_wconf 83' lang='grc' dir='ltr'><strong><em>ισους</em></strong></span> 
     </span>
    </p>

    <p class='ocr_par' dir='ltr' id='par_1_6' title="bbox 17 2800 1116 3220">
     <span class='ocr_line' id='line_1_26' title="bbox 17 2800 1077 2902; baseline -0.004 -22"><span class='ocrx_word' id='word_1_193' title='bbox 17 2803 102 2899; x_wconf 67' lang='grc' dir='ltr'><strong><em>στῆν</em></strong></span> <span class='ocrx_word' id='word_1_194' title='bbox 134 2810 222 2893; x_wconf 88' lang='grc' dir='ltr'><strong><em>είκὸς</em></strong></span> <span class='ocrx_word' id='word_1_195' title='bbox 249 2815 285 2881; x_wconf 89' lang='grc' dir='ltr'><strong><em>ἐκ</em></strong></span> <span class='ocrx_word' id='word_1_196' title='bbox 315 2800 479 2901; x_wconf 77' lang='grc' dir='ltr'><strong><em>τοσαύτης</em></strong></span> <span class='ocrx_word' id='word_1_197' title='bbox 510 2812 619 2900; x_wconf 88' lang='grc' dir='ltr'><strong><em>χῶρας</em></strong></span> <span class='ocrx_word' id='word_1_198' title='bbox 651 2808 887 2902; x_wconf 77' lang='grc' dir='ltr'><strong><em>ἀθροίζεσθαι,</em></strong></span> <span class='ocrx_word' id='word_1_199' title='bbox 920 2811 1077 2897; x_wconf 77' lang='grc' dir='ltr'><strong><em>γενέσθαι</em></strong></span> 
     </span>
     <span class='ocr_line' id='line_1_27' title="bbox 58 2912 1077 3007; baseline -0.006 -20"><span class='ocrx_word' id='word_1_200' title='bbox 58 2914 284 3005; x_wconf 80' lang='grc' dir='ltr'><strong><em>δοκοῦσιν,</em></strong></span> <span class='ocrx_word' id='word_1_201' title='bbox 260 2947 306 2999; x_wconf 87' lang='grc' dir='ltr'><strong><em>ως</em></strong></span> <span class='ocrx_word' id='word_1_202' title='bbox 324 2919 477 3007; x_wconf 89' lang='grc' dir='ltr'><strong><em>μεγάλων</em></strong></span> <span class='ocrx_word' id='word_1_203' title='bbox 496 2924 604 2999; x_wconf 83' lang='grc' dir='ltr'><strong><em>αἰτίας</em></strong></span> <span class='ocrx_word' id='word_1_204' title='bbox 622 2915 769 3006; x_wconf 80' lang='grc' dir='ltr'><strong><em>ὑμνοῦσι</em></strong></span> <span class='ocrx_word' id='word_1_205' title='bbox 786 2917 948 3007; x_wconf 80' lang='grc' dir='ltr'><strong><em>πράξεων</em></strong></span> <span class='ocrx_word' id='word_1_206' title='bbox 986 2912 1077 2994; x_wconf 81' lang='grc' dir='ltr'><strong><em>ὅστις</em></strong></span> 
     </span>
     <span class='ocr_line' id='line_1_28' title="bbox 57 3018 1116 3113; baseline -0.007 -20"><span class='ocrx_word' id='word_1_207' title='bbox 57 3026 95 3094; x_wconf 77' lang='grc' dir='ltr'><strong><em>δὲ</em></strong></span> <span class='ocrx_word' id='word_1_208' title='bbox 131 3028 288 3094; x_wconf 88' lang='grc' dir='ltr'><strong><em>τοιούτου</em></strong></span> <span class='ocrx_word' id='word_1_209' title='bbox 325 3022 427 3094; x_wconf 76' lang='grc' dir='ltr'><strong><em>ούδδυ</em></strong></span> <span class='ocrx_word' id='word_1_210' title='bbox 460 3031 566 3094; x_wconf 77' lang='grc' dir='ltr'><strong><em>εἰπεῖν</em></strong></span> <span class='ocrx_word' id='word_1_211' title='bbox 599 3031 679 3113; x_wconf 82' lang='grc' dir='ltr'><strong><em>ἔχει,</em></strong></span> <span class='ocrx_word' id='word_1_212' title='bbox 716 3024 956 3109; x_wconf 81' lang='grc' dir='ltr'><strong><em>καταγέλαστος</em></strong></span> <span class='ocrx_word' id='word_1_213' title='bbox 989 3018 1116 3089; x_wconf 79' lang='grc' dir='ltr'><strong><em>ελναιΟ</em></strong></span> 
     </span>
     <span class='ocr_line' id='line_1_29' title="bbox 57 3128 1075 3228; baseline -0.009 -26"><span class='ocrx_word' id='word_1_214' title='bbox 57 3139 161 3219; x_wconf 79' lang='grc' dir='ltr'><strong><em>δοκεῖ,</em></strong></span> <span class='ocrx_word' id='word_1_215' title='bbox 190 3129 246 3200; x_wconf 88' lang='grc' dir='ltr'><strong><em>άτε</em></strong></span> <span class='ocrx_word' id='word_1_216' title='bbox 265 3129 328 3200; x_wconf 84' lang='grc' dir='ltr'><strong><em>οὐκ</em></strong></span> <span class='ocrx_word' id='word_1_217' title='bbox 347 3132 537 3220; x_wconf 85' lang='grc' dir='ltr'><strong><em>ἐκπλήττειν</em></strong></span> <span class='ocrx_word' id='word_1_218' title='bbox 556 3128 638 3201; x_wconf 77' lang='grc' dir='ltr'><strong><em>ούδδ</em></strong></span> <span class='ocrx_word' id='word_1_219' title='bbox 655 3141 921 3228; x_wconf 74' lang='grc' dir='ltr'><strong><em>δαυματοποιείν</em></strong></span> <span class='ocrx_word' id='word_1_220' title='bbox 949 3129 1075 3207; x_wconf 81' lang='grc' dir='ltr'><strong><em>ἐντοῖς</em></strong></span> 
     </span>
    </p>
   </div>
   <div class='ocr_carea' id='block_1_2' title="bbox 55 3292 1078 3573">
    <p class='ocr_par' dir='ltr' id='par_1_7' title="bbox 55 3292 1078 3573">
     <span class='ocr_line' id='line_1_30' title="bbox 126 3292 1077 3380; baseline -0.01 -25"><span class='ocrx_word' id='word_1_221' title='bbox 126 3292 315 3355; x_wconf 58' lang='lat' dir='ltr'><strong><em>mnam</em></strong></span> <span class='ocrx_word' id='word_1_222' title='bbox 393 3305 512 3354; x_wconf 77' lang='lat' dir='ltr'>11et12</span> <span class='ocrx_word' id='word_1_223' title='bbox 536 3294 718 3369; x_wconf 64' lang='grc' dir='ltr'><strong><em>υποῆςλλ]</em></strong></span> <span class='ocrx_word' id='word_1_224' title='bbox 743 3293 863 3380; x_wconf 87' lang='grc' dir='ltr'><strong><em>ἐῆπλγς</em></strong></span> <span class='ocrx_word' id='word_1_225' title='bbox 939 3299 969 3348; x_wconf 84' lang='grc'><strong><em>19</em></strong></span> <span class='ocrx_word' id='word_1_226' title='bbox 995 3313 1077 3347; x_wconf 88' lang='grc' dir='ltr'><strong><em>νιτω</em></strong></span> 
     </span>
     <span class='ocr_line' id='line_1_31' title="bbox 56 3320 1076 3487; baseline -0.012 -62"><span class='ocrx_word' id='word_1_227' title='bbox 56 3391 119 3442; x_wconf 86' lang='grc' dir='ltr'><strong><em>κρις</em></strong></span> <span class='ocrx_word' id='word_1_228' title='bbox 138 3370 175 3442; x_wconf 89' lang='lat' dir='ltr'><strong><em>V]</em></strong></span> <span class='ocrx_word' id='word_1_229' title='bbox 200 3372 339 3435; x_wconf 81' lang='grc' dir='ltr'><strong><em>Νίτοιιρις</em></strong></span> <span class='ocrx_word' id='word_1_230' title='bbox 372 3370 376 3437; x_wconf 84' lang='grc' dir='ltr'>Ι</span> <span class='ocrx_word' id='word_1_231' title='bbox 408 3363 551 3454; x_wconf 87' lang='grc' dir='ltr'><strong><em>ροδογόνη</em></strong></span> <span class='ocrx_word' id='word_1_232' title='bbox 574 3320 627 3420; x_wconf 70' lang='lat' dir='ltr'><strong><em>Vy</em></strong></span> <span class='ocrx_word' id='word_1_233' title='bbox 684 3370 716 3418; x_wconf 79' lang='lat'><strong><em>21</em></strong></span> <span class='ocrx_word' id='word_1_234' title='bbox 736 3358 850 3487; x_wconf 79' lang='grc' dir='ltr'><strong><em>ὄχλος</em></strong></span> <span class='ocrx_word' id='word_1_235' title='bbox 841 3363 877 3430; x_wconf 78' lang='lat' dir='ltr'><strong><em>V]</em></strong></span> <span class='ocrx_word' id='word_1_236' title='bbox 897 3355 1008 3430; x_wconf 82' lang='grc' dir='ltr'><strong><em>ὅμιλος.</em></strong></span> <span class='ocrx_word' id='word_1_237' title='bbox 1039 3364 1076 3416; x_wconf 81' lang='lat' dir='ltr'><strong><em>cf</em></strong></span> 
     </span>
     <span class='ocr_line' id='line_1_32' title="bbox 55 3433 1078 3573; baseline -0.013 -9"><span class='ocrx_word' id='word_1_238' title='bbox 55 3440 399 3573; x_wconf 38' lang='lat'><strong><em>533222223‘371223022</em></strong></span> <span class='ocrx_word' id='word_1_239' title='bbox 415 3441 491 3558; x_wconf 70' lang='grc' dir='ltr'><strong><em>ελῗ</em></strong></span> <span class='ocrx_word' id='word_1_240' title='bbox 519 3455 556 3503; x_wconf 66' lang='lat'><strong><em>⁷²⁹</em></strong></span> <span class='ocrx_word' id='word_1_241' title='bbox 576 3433 655 3496; x_wconf 65' lang='lat'><strong><em>⁸²⁰⁶</em></strong></span> <span class='ocrx_word' id='word_1_242' title='bbox 672 3433 709 3500; x_wconf 64' lang='lat' dir='ltr'><strong><em>V]</em></strong></span> <span class='ocrx_word' id='word_1_243' title='bbox 736 3449 815 3493; x_wconf 71' lang='lat'><strong><em>”⁰⁶</em></strong></span> <span class='ocrx_word' id='word_1_244' title='bbox 832 3450 870 3499; x_wconf 66' lang='lat'><strong><em>⁷²⁹</em></strong></span> <span class='ocrx_word' id='word_1_245' title='bbox 958 3433 1078 3483; x_wconf 52' lang='grc' dir='ltr'><strong><em>ΜΒ</em></strong></span> 
     </span>
    </p>
   </div>
   <div class='ocr_carea' id='block_1_3' title="bbox 724 3584 871 3644">
    <p class='ocr_par' dir='ltr' id='par_1_8' title="bbox 724 3584 871 3644">
     <span class='ocr_line' id='line_1_33' title="bbox 724 3584 871 3644; baseline -0.007 1"><span class='ocrx_word' id='word_1_246' title='bbox 724 3632 726 3637; x_wconf 68' lang='lat'>,</span> <span class='ocrx_word' id='word_1_247' title='bbox 813 3584 871 3644; x_wconf 71' lang='lat' dir='ltr'><strong><em>ss*</em></strong></span> 
     </span>
    </p>
   </div>
   <div class='ocr_carea' id='block_1_4' title="bbox 0 0 1228 3870">
    <p class='ocr_par' dir='ltr' id='par_1_9' title="bbox 0 0 1228 3870">
     <span class='ocr_line' id='line_1_34' title="bbox 0 0 1228 3870; baseline 0 5"><span class='ocrx_word' id='word_1_248' title='bbox 0 0 1228 3870; x_wconf 95' lang='lat' dir='ltr'><strong><em> </em></strong></span> 
     </span>
    </p>
   </div>
  </div>
 </body>
</html>
