2446 3870
139 145 202 208 208
440 144 587 195 IULIANI
607 142 856 194 IMPERATORIS

139 270 258 341 ἆντίον
285 269 346 340 τὸν
374 274 470 359 ῥοῦν,
498 267 517 360 ἡ
547 269 584 338 δὲ
613 267 674 356 οὐχ
702 273 818 338 εἵπετο.
857 264 930 358 (ῶς)
961 269 1101 358 βραχέσι
1121 270 1158 338 δὲ

142 377 391 466 ἐντετυχηκότες
419 375 524 446 ῶθεῖν
552 378 730 464 ἐπειρῶντο
759 372 821 462 τὴν
849 378 948 461 ναῦν,
975 371 996 462 ἡ
1026 375 1063 443 δὲ
1096 373 1158 444 οῦκ

142 483 230 553 εἶκεν
258 481 453 552 ῶθοῦντων.
489 486 579 551 πῦσα
608 481 645 550 δὲ
672 479 802 570 μηχανὴ
831 481 1016 570 προσήγετο
1043 479 1081 549 τὸ
1104 485 1156 550 ε’ν-

141 594 274 678 τεῦθεν,
302 585 322 677 ἡ
352 589 389 658 δὲ
418 586 479 677 οὐχ
507 579 607 677 ἧττον
635 584 872 676 ἆμετακίνητος
899 578 955 674 ἦν’
990 584 1073 655 ῶστε
1102 591 1158 675 ε’μ-

141 704 251 766 πίπτει
278 695 362 764 κατδι
393 698 450 784 τῆς
479 697 659 784 ἱερωμένης
685 691 748 780 την
780 694 1033 780 παναγεστοίτην
1063 698 1184 783 δερῶ-ε

143 803 251 891 σῦνην
268 802 453 891 »παρθένου
482 798 576 888 δεινὴ
605 802 660 868 καὶ
689 797 804 880 ῦδικος
836 795 980 886 ὑποψία,
1013 801 1068 867 καὶ
1096 799 1159 888 τὴν

145 913 302 977 Κλωδίαν
333 906 490 997 ᾐτιῶντο·
524 909 623 976 τοῦτο
656 904 719 994 γὰρ
758 903 864 993 ὄνομα
897 897 939 993 ἦν
975 909 1016 995 τῇ
1053 910 1158 995 σεμνῇ

101 1018 315 1106 (λπαρθένρν
352 1014 393 1102 μῦ
430 1013 642 1083 παντάπασιν
678 1009 845 1101 ἄχραντον
881 1011 965 1100 μηδὲ
1001 1011 1158 1102 καθαρὰν

143 1122 324 1210 φυλάττειν
352 1117 474 1208 ἑαυτὴν
492 1123 532 1208 τῇ
551 1122 635 1210 θεῷ·
663 1107 855 1207 ὀργίζεσθαι
884 1109 947 1186 οῦν
975 1115 1083 1207 αὐτὴν
1102 1121 1158 1187 καὶ

143 1234 275 1315 μηνίειν
307 1229 477 1315 ἐμφανῶς·
511 1225 618 1293 ἐδόκει
651 1223 715 1314 γὰρ
746 1221 812 1311 ἤδη
844 1238 914 1305 τοῖς
940 1228 1043 1292 πᾶσιν
1071 1223 1158 1294 εἶναι
1174 1255 1197 1293 10

142 1331 179 1400 τὸ
213 1335 322 1422 χρῆμα
355 1330 624 1419 δαιμονιώτερον.
669 1325 690 1418 η
720 1329 757 1398 δὲ
784 1328 821 1398 τὸ
850 1330 912 1417 μὲν
944 1334 1078 1419 πρῶτον
1107 1336 1157 1400 αί-
1207 1389 1210 1392 Α

144 1441 227 1519 δοῦς
259 1433 487 1526 ὑπεπίμπλατο
520 1436 603 1526 πρός
629 1463 663 1504 τε
694 1434 732 1504 τὸ
761 1433 867 1524 ὄνομα
900 1438 955 1505 καὶ
986 1434 1048 1524 τὴν
1075 1433 1158 1508 ῦπο-

143 1550 239 1626 μίαν·
275 1540 363 1612 οῦτω
395 1543 486 1612 πάνυ
518 1542 632 1633 πόρρω
666 1542 824 1631 ἐτύγχανε
851 1546 909 1631 της
937 1546 1075 1632 αίσχρᾶς
1102 1545 1159 1613 καὶ

143 1649 341 1739 παρανόμου
373 1649 529 1734 πράξεως.
572 1650 640 1717 ἐπεὶ
674 1648 709 1717 δὲ
743 1648 829 1743 ἑῶρα
860 1647 922 1736 τὴν
954 1655 1065 1717 αἰτίαν
1092 1647 1157 1738 ἤδη

105 1768 109 1776 ’
143 1753 223 1825 καθ’
255 1758 374 1845 ἑαυτῆς
401 1756 631 1844 ἐξισχῦουσαν,
658 1758 857 1844 περιελοῦσα
875 1753 938 1842 τὴν
966 1755 1074 1843 ζῶνην
1101 1758 1157 1824 καὶ
1173 1782 1197 1822 15

17 1955 19 1957 ι
143 1874 318 1952 περιθεῖσα
346 1866 404 1952 της
430 1861 514 1943 νεῶς
540 1877 611 1942 τοῖς
638 1859 762 1951 ἄκροις,
791 1858 899 1950 ῶσπερ
923 1863 956 1941 ἐξ
984 1864 1160 1943 ἐπιπνοίας

100 1968 237 2051 Βτινὸς
269 1966 454 2061 ἀποχωρεῖν
482 1970 632 2038 ἐκέλευεν
664 1965 826 2054 ἅπαντας,
859 1965 929 2036 εἶτα
962 1970 1067 2037 ε’δεῖτο
1100 1972 1158 2059 τῆς

144 2079 230 2145 θεοῦ
257 2075 301 2165 μη
321 2082 483 2166 περιιδεῖν
502 2071 609 2163 αὐτὴν
636 2070 765 2154 αἰδίκοις
783 2075 982 2161 ἐνεχομένην
1006 2081 1158 2163 βλασφη-

145 2188 243 2269 μίαις.
280 2186 396 2268 βοῶσα
415 2181 455 2250 δὲ
480 2179 589 2269 ῶσπερ
612 2207 644 2248 τι
663 2177 836 2268 κίλευσμα,
865 2186 959 2269 φασί,
986 2181 1158 2268 ναυτικόν,

145 2289 318 2355 Δέσποινα
336 2291 463 2376 Μῆτερ,
492 2297 582 2376 εἴπερ
611 2287 677 2374 είμλ
697 2285 854 2375 σῶφρων,
882 2289 965 2355 ἕπου
988 2314 1054 2374 μοι,
1083 2293 1158 2376 ἔφη.
1173 2313 1199 2353 ει

144 2394 200 2459 καὶ
229 2390 271 2479 δη
298 2391 360 2480 την
387 2396 475 2461 ναῦν
503 2389 565 2461 οῦκ
593 2394 725 2480 ἐκίνησε
751 2392 872 2480 μόνον,
901 2389 983 2461 ἀλλὰ
1010 2394 1065 2461 καὶ
1092 2397 1159 2462 είλ-

142 2518 247 2566 κυσεν
274 2500 326 2566 ἐπὶ
354 2496 440 2568 πολῦ
467 2495 550 2587 πρὸς
576 2496 636 2567 τὸν
664 2501 762 2588 ῥοῦν·
791 2501 846 2567 καὶ
875 2499 937 2568 δύο
956 2502 1060 2568 ταῦτα
1080 2495 1158 2568 Ῥω-

144 2610 254 2692 μαίοις
282 2606 405 2685 ἔδειξεν
423 2600 543 2693 η’θεὸς
571 2603 664 2692 οἶμαι
686 2602 759 2673 κατ’
790 2607 922 2693 ἐκείνην
940 2603 1002 2693 τὴν
1020 2601 1158 2696 ἡμέραν,

145 2705 190 2791 ῶς
218 2707 294 2778 οῦτε
321 2714 443 2800 μικροῦ
470 2738 562 2792 τινος
589 2717 699 2799 τίμιον
727 2708 791 2780 αἰπὸ
818 2709 876 2799 της
905 2718 1054 2800 Φρυγίας
1081 2715 1159 2800 ἐπη-

93 2832 213 2903 161ηον
240 2814 299 2885 τὸν
332 2817 474 2907 φόρτον,
507 2814 590 2886 ιἰλλδι
616 2820 678 2888 τοῦ
710 2816 835 2897 παντὸς
867 2815 975 2905 ῦξιον,
1009 2815 1085 2887 οῦτε
1115 2815 1160 2900 ῶς
1174 2843 1199 2883 ιε

145 2921 364 3013 ἀνθρώπινον
391 2927 523 3011 τοῦτον,
551 2920 634 2992 νἰλλδι
662 2921 768 3005 ὅντως
784 2935 893 3011 θεῖον,
922 2921 998 2993 οῦτε
1026 2922 1159 3012 ῦψυχον

144 3033 219 3118 γῆν,
248 3028 330 3100 ἀλλὰ
358 3036 509 3118 ἔμπνουν
536 3057 566 3097 τι
593 3033 702 3119 χρῆμα
729 3031 785 3098 καὶ
814 3030 999 3119 δαιμόνιον.
1036 3034 1073 3099 ἓν
1097 3031 1160 3119 μὲν

145 3134 186 3223 δὴ
220 3141 376 3207 τοιοῦτον
408 3140 532 3219 ἔδειξεν
566 3132 680 3217 αὐτοῖς
712 3132 733 3224 ἡ
760 3136 855 3217 θεός·
888 3140 1001 3228 ἕτερον
1029 3139 1081 3224 δέ,
1114 3134 1160 3218 ῶς

215 3374 284 3459 &⁰⁵2⁹
304 3378 365 3435 add,
382 3379 446 3429 Pet.
535 3381 565 3428 16
583 3375 634 3459 τῇς
652 3368 743 3442 ἄκρας
763 3393 848 3443 marg.
867 3382 927 3453 pet2
1010 3377 1042 3454 19
1066 3368 1160 3442 αῦτην

144 3443 181 3510 Η]
201 3461 294 3510 αυτην
380 3449 413 3496 24
431 3439 498 3499 οὔτε
516 3443 554 3511 H]
576 3439 645 3496 ουδὲ
732 3448 765 3495 24
778 3451 807 3496 et
819 3449 852 3497 25
875 3437 983 3511 ἐπηηον
1003 3441 1064 3509 τον]
1084 3444 1159 3495 Fort.

145 3505 286 3576 ἐπήγοντο
356 3515 389 3564 25
408 3504 475 3565 οῦτε
493 3510 531 3579 Η]
552 3504 622 3564 οῦδὲ
691 3515 725 3564 26
743 3504 811 3565 οὔτε
829 3511 866 3579 H]
886 3502 954 3564 οῦδὲ
