2414 3862
131 134 197 200 590
411 180 412 184 ,
435 133 580 186 IULIANI
597 131 849 185 IMPERATORIS

132 273 292 336 σταντίου
322 273 543 354 κευωθείσας,
579 271 645 336 νῦν
676 295 734 355 μοι
765 266 827 335 τὸν
852 264 1065 355 Ἰουλιανόν,
1096 269 1154 339 τὸν

132 371 302 463 ἀρχιερέα,
328 371 389 441 τὸν
411 379 571 462 καίσαρα,
597 372 658 442 τὸν
681 372 888 460 αύχουστον,
916 373 980 443 τὸν
1002 380 1100 444 θεῶν
1122 402 1153 444 τε

132 480 315 568 κάλ”Αρεος
336 477 548 569 θεραπευτὴν
571 479 748 567 ἐννόησον,
769 479 830 548 τὸν
845 484 1023 569 ,Φραχιαόν
1047 482 1154 550 τεκαὶ

132 585 315 675 βαρβάρων
338 583 494 674 ὀλετῆρα,
523 585 584 656 τὸν
608 589 747 654 Γάλλων
769 613 805 654 τε
826 587 884 655 καὶ
903 585 1045 657 Ἰταλῶν
1070 591 1153 658 ἕλευ

133 690 298 781 θερωτῆν.
341 695 374 760 εί
404 690 441 759 δὲ
471 692 585 780 ἕτερόν
611 719 644 760 τι
671 691 890 778 βουλεύσατο·
931 693 1174 782 πυνθάνομαιε

87 798 198 888 ιιοχάρ
230 795 321 866 εἶναί
349 816 387 865 σε
417 801 614 886 πανοῦργον
644 798 701 866 καὶ
728 797 834 867 κακὸν
861 797 1074 888 στρατιώτην
1101 801 1154 868 καὶ

134 902 294 990 ἀλαζόνα,
330 901 377 983 ὥς
410 903 452 972 τά
483 902 633 992 παρόντα
665 930 724 993 μοι
755 905 933 994 πράγματα
963 910 1153 975 δείκνυσιν·

134 1009 260 1099 ἐχθρὸν
287 1008 351 1096 γάρ
378 1036 455 1078 τινα
481 1013 540 1097 τῆς
565 1014 685 1097 κοινῆς
708 1017 912 1089 λυσιτελείας
933 1011 1153 1080 λανθάνοντα

134 1115 359 1206 ἀποκρύπτειν
394 1115 485 1205 παρά
521 1117 575 1184 σοὶ
609 1120 805 1205 πειρᾶσθαι·
845 1118 927 1197 τέως
959 1116 1025 1206 μὲν
1056 1123 1151 1187 τοῦτο

133 1221 352 1310 ὑπερτίθεμαι
380 1221 437 1290 διὰ
464 1220 528 1310 τῆν
553 1225 615 1291 τοῦ
641 1224 790 1310 πολέμου
810 1221 929 1309 τύχην·
968 1219 1069 1310 ἀρκεῖ
1088 1225 1149 1311 γὰρ
1162 1251 1182 1289 10

133 1325 214 1416 ἡμῖν
240 1326 261 1415 ῆ
288 1331 357 1394 τῶν
383 1331 477 1395 θεῶν
504 1333 674 1416 συμμαχία
701 1328 785 1416 πρὸς
806 1327 870 1415 τῆν
892 1331 962 1396 τῶν
984 1338 1153 1419 πολεμίων

133 1438 342 1522 καθαίρεσιν.
369 1438 401 1503 εί
423 1434 515 1502 δέτι
537 1432 578 1502 τά
600 1437 658 1521 τῆς
676 1434 876 1522 είμαρμέυης
893 1440 1037 1523 κρίνειε·
1061 1442 1151 1507 θεῶν

133 1539 198 1630 χάρ
225 1540 385 1629 βούλησις
406 1538 428 1629 ῆ
451 1541 573 1629 ταύτης
596 1543 745 1623 ἐξουσία·
782 1538 888 1621 ἀδεῶς
908 1543 966 1610 καὶ
989 1550 1152 1629 γενναίως

135 1656 217 1717 οίσω
248 1650 358 1717 τοῦτο.
404 1656 478 1716 ίσθι
510 1648 548 1716 δὲ
577 1644 623 1727 ὡς
649 1646 693 1715 σὺ
720 1647 783 1735 μὲν
809 1646 980 1735 πάρεργον
1009 1655 1070 1739 ἔση
1098 1661 1151 1736 της

134 1756 302 1843 Περσικῆς
322 1751 444 1841 χειρός,
466 1759 699 1840 συναφθείσης
718 1772 772 1822 σοι
789 1753 948 1840 παχχενεὶ
964 1757 1025 1842 τῆς
1044 1756 1150 1836 ἑστίαις
1160 1786 1179 1827 ιι

133 1861 189 1929 καὶ
211 1864 269 1947 τῆς
279 1856 462 1948 Ἀρμενίων
485 1854 603 1947 ἀρχῆς·
625 1859 828 1947 κοινωνήσει
852 1859 892 1927 δέ
912 1880 967 1928 σοι
989 1864 1051 1948 τῆς
1074 1866 1148 1930 δυσ-

133 1972 247 2055 τυχίας
277 1965 334 2033 καὶ
364 1961 386 2052 ῆ
413 1968 585 2050 Νισιβίωυ
615 1964 727 2050 πόλις,
759 1968 828 2034 τῶν
855 1962 1029 2054 οὐρανίων
1059 1971 1148 2036 θεῶν

133 2077 232 2144 τούτο
256 2070 358 2140 πάλαι
380 2068 463 2158 ῆμίυ
485 2069 820 2159 προαχορευσάντων.

345 2318 397 2399 ξξ.
439 2315 659 2398 Ἰουλιανὸς
681 2319 936 2412 Σωσιπάτρῳ.

211 2460 308 2529 Ἔστι
337 2483 386 2537 τις
412 2454 540 2546 ἡδονῆς
564 2455 700 2549 ἀφορμὴ
728 2466 868 2548 πλείων,
905 2459 988 2530 ὅταν
1018 2465 1075 2553 ἐξῆ
1103 2464 1143 2531 δι’
1158 2485 1177 2526 ιι

99 2661 102 2667 1
132 2567 260 2658 ἀνδρὸς
278 2570 404 2637 οίκείου
421 2563 501 2646 τοὺς
519 2570 640 2652 φίλους
652 2583 883 2658 προσφωνεῖν·
907 2565 949 2638 ού
963 2567 1028 2657 γὰρ
1043 2570 1147 2658 μόνον

132 2810 335 2865 rahieristiken
357 2825 383 2874 p.
404 2806 463 2873 162)
491 2807 638 2859 secundum
661 2808 839 2863 Sozomenum
860 2811 878 2863 I.
896 2813 915 2864 1.
946 2813 1146 2880 (Κωνσταντίῳ

133 2875 171 2942 ὥς
188 2871 325 2944 ἀνάνδρῳ
343 2873 395 2927 καὶ
414 2866 514 2943 ἀσεβεῖ
531 2872 784 2944 λοιδορησάμενος)
1004 2896 1006 2898 ’

199 2935 322 3009 3”λρεσς
339 2941 435 3008 Hrcb]
449 2936 548 3009 Ἀρεως
564 2942 568 3003 Ι
589 2937 723 2998 εύνόϊσον
741 2946 930 3012 natatorius!
951 2947 1147 3016 φραχκτοῖνίλ

132 3021 161 3067 ei
178 3012 402 3076 cod.4Murai0rii
452 3013 468 3064 8
486 3006 600 3078 κοινῆς]
618 3005 767 3080 παρούσης
786 3013 881 3067 Ottob.
898 3019 932 3068 90
949 3022 978 3068 ei
995 3016 1021 3068 G
1040 3015 1080 3082 (in
1097 3016 1146 3066 boe

130 3081 231 3147 κοινῆς
248 3081 359 3132 rubrica
375 3094 459 3144 supra
477 3077 618 3156 seripipm)
687 3083 704 3132 9
721 3080 882 3147 πειρᾶσθαι
900 3081 937 3149 Η]
956 3101 1006 3137 πει
1025 3083 1077 3150 ἀς,
1098 3078 1147 3134 καί

131 3147 280 3268 iiiiii
298 3143 690 3280 iiiiiiissi‘iissiidii
707 3150 912 3270 &iiiiii
941 3103 1147 3273 ’'hio'iissm

130 3284 251 3351 τίθεμαι
268 3282 293 3334 G
311 3283 407 3336 ottob.
426 3277 472 3348 90]
491 3274 686 3347 ύπερτιθίναι
743 3287 774 3336 17
793 3256 938 3368 Νισιρίιίν
956 3287 982 3339 G
993 3288 1088 3340 Ottob.
1101 3235 1144 3350 98]

130 3350 281 3419 Νησιβίων
351 3352 383 3400 19
407 3350 488 3400 Hanc
511 3353 538 3399 ei
561 3365 632 3415 quae
650 3358 803 3418 sequuntur
820 3358 882 3405 octo
901 3355 1036 3421 epistolas
1053 3352 1145 3405 Fabri·

130 3419 188 3470 eius
205 3421 235 3470 in
252 3420 330 3469 Luce
349 3416 438 3469 Salui.
456 3417 564 3480 bivang.
581 3433 608 3483 p.
626 3421 676 3470 316
686 3435 722 3473 ss.
740 3422 843 3486 prImus
861 3421 955 3474 edidit.
971 3421 976 3488 Ι
998 3418 1143 3484 Σαπάτρῳ

127 3486 312 3552 probabiliter
329 3485 487 3550 suspicatur
503 3484 649 3538 Fabricius
718 3491 751 3541 20
770 3483 820 3558 ἐξῆ
838 3487 956 3558 Heyler}
974 3482 1046 3558 ε’ξῆν
