2446 3870
495 132 630 182 οιειυιο
649 133 696 184 lv.
1038 133 1098 196 183

81 285 117 326 τε
144 260 287 345 νοητῶν·
300 258 356 326 καὶ
384 260 453 325 τῶν
481 260 667 345 έγκοσμίων
685 263 777 328 θεῶν
804 266 1015 348 παρίστησιν,
1044 263 1097 330 ἐπὶ
1179 297 1185 308 ·

80 362 145 450 τῆν
171 369 363 433 τελευταίαν
391 359 497 432 αὐτοῦ
515 370 677 452 μετίωμεν
695 367 828 454 ἐμφανῆ
848 367 951 452 λῆξιν.
983 366 1096 455 πρῶτη

82 471 144 557 μὲν
172 461 236 538 οῦν
263 471 354 538 ἐστιν
387 466 493 537 αῦτοῦ
525 472 593 538 τῶν
625 471 699 560 περὶ
732 470 793 539 τὸν
820 480 1010 542 τελευταῖον
1042 473 1098 541 κό-

82 597 169 664 σμον
196 572 217 664 ῆ
246 578 314 644 τῶν
336 570 484 663 ἡλιακῶν
511 572 662 663 ἀγγέλων
690 571 764 646 οἷον
792 580 829 646 έν
857 584 1098 667 παραδείγματι
1133 552 1153 586 ⁶

53 680 144 770 στῆν
173 683 269 750 ίδέαν
301 683 356 750 καλ
383 679 446 769 τῆν
473 677 659 751 ὑπόστασιν
691 689 826 770 ἔχουσα·
859 682 940 771 μετὰ
971 683 1098 771 ταύτην

81 788 119 856 δὲ
147 783 256 874 ῆτῶν
283 789 457 875 αίσθητῶν
483 788 672 876 γεννητικῆ,
699 779 739 875 ῆς
756 787 793 857 τὸ
812 789 874 876 μέν
900 789 1132 878 τιμιώτερονῡ

76 890 234 983 ὀῦρανοῦ
266 895 322 961 καὶ
351 890 500 982 ἀστέρων
533 899 598 981 ἔχει
630 890 692 982 τῆν
720 899 844 980 αἰτίαν,
877 893 915 964 τό
944 897 982 964 δὲ
1014 891 1097 965 ῦπο-

83 1002 258 1088 δεέστερον
291 999 498 1088 ἐπιτροπεύει
529 997 591 1087 τῆν’
623 981 770 1086 γένεσιῦ,
804 1002 838 1081 ἐξ
865 998 980 1071 σἰιδίον
1008 1028 1097 1090 περι-

82 1107 160 1192 έχον
188 1101 292 1193 αὐτῆς
319 1108 356 1174 έν
376 1107 483 1196 ἑαυτῷ
510 1102 573 1192 τῆν
592 1101 777 1193 ἀγέννητον
806 1112 925 1175 αίτίαν.
967 1105 1097 1176 ἅπαντα

41 1235 69 1274 10
83 1210 145 1297 μὲν
174 1203 237 1279 οῦν
263 1208 304 1279 τδι
332 1214 407 1300 περὶ
439 1210 502 1298 τῆν
534 1209 656 1279 οῦσίαν
682 1215 744 1280 τοῦ
770 1215 857 1281 θεοῦ
884 1216 984 1282 τοῦδε
1012 1219 1097 1282 διελ-

82 1327 161 1386 θεῖν
193 1313 273 1385 οῦδὲ
306 1326 340 1385 εί
366 1344 412 1408 τφ
446 1323 521 1404 δοίη
555 1321 675 1404 νοῆσαι
708 1314 809 1399 αὐτὸς
832 1315 858 1387 ,ό
886 1317 967 1400 θεὸς
1000 1310 1099 1401 οὗτος

9 1408 15 1420 ’
83 1423 242 1509 δυνατόν,
271 1420 358 1492 ὅπου
377 1425 432 1490 καὶ
451 1421 492 1491 τὰ
510 1423 619 1491 πάντα
643 1431 836 1512 περιλαβεῖν
853 1428 899 1517 τῷ
918 1429 967 1517 νῶ
987 1432 1098 1513 ἔμοιγε

83 1534 238 1615 φαίνεται
265 1527 445 1598 ἀδύνατον.

164 1631 249 1730 Ἐπεὶ
281 1634 318 1703 δέ
350 1632 456 1704 πολλὰ
489 1635 749 1724 διεληλύθαμεν,
782 1639 955 1704 έπνθετέον
988 1634 1098 1725 ῶσπερ

42 1764 68 1804 15
84 1745 257 1829 σφραγῖδα
284 1744 329 1833 τῷ
357 1741 445 1832 λόγῳ
473 1743 558 1832 τῶδε
586 1743 767 1828 μέλλοντας
795 1739 850 1829 ἐφ’
881 1745 975 1831 ἕτερα
1002 1769 1097 1829 μετα-

83 1853 217 1934 βαίνειν
254 1843 317 1916 οῦκ
353 1847 527 1927 ἐλάττονος
560 1849 618 1934 τῆς
658 1855 804 1936 θεωρίας
846 1848 995 1935 δεόμενα.
1049 1855 1133 1928 τίςΙ)

84 1944 148 2021 οῦν
175 1948 196 2040 ῆ
221 1955 365 2041 σφραγὶς
391 1954 448 2020 καὶ
466 1947 542 2022 οἷον
569 1956 606 2020 έν
625 1959 795 2044 κεφαλαίῳ
814 1951 855 2020 τδι
873 1953 981 2021 πάντα
1009 1981 1097 2042 περι-

82 2058 304 2145 λαμβάνουσα
340 2055 360 2145 ῆ
393 2059 469 2147 περὶ
505 2061 562 2146 τῆς
598 2054 717 2139 οὐσίας
751 2061 813 2126 τοῦ
850 2061 935 2126 θεοῦ
972 2060 1098 2145 νόησις,

83 2161 186 2245 αὐτὸς
217 2160 298 2252 ῆμῖν
330 2165 383 2232 ἐπὶ
420 2167 507 2233 νοῦν
538 2169 615 2251 θείη
653 2165 874 2252 βουλομένοις
911 2166 947 2232 ἐν
984 2171 1102 2253 βραχεῖ
1208 2245 1214 2256 ,

40 2295 68 2333 20
83 2279 239 2339 συνελεῖν
266 2269 328 2358 τῆν
354 2297 390 2338 τε
417 2275 543 2356 αἰτίαν,
571 2266 631 2357 ἀφ’
661 2261 700 2358 ῆς
727 2273 887 2358 προῆλθε,
915 2271 970 2338 καὶ
999 2267 1100 2351 αὐτὸς

83 2373 176 2456 ὅστις
204 2379 283 2461 έστί,
310 2381 414 2444 τίνων
441 2403 475 2444 τε
500 2373 690 2465 ἀποπληροῖ
714 2375 775 2445 τὸν
803 2379 934 2464 ἐμφανῆ
962 2376 1099 2465 κόσμον.

84 2484 207 2570 ῥητέον
239 2473 302 2550 οῦν
330 2477 375 2563 ῶς
403 2484 435 2563 ἐξ
469 2481 544 2562 ἑνὸς
571 2481 632 2568 μέν
664 2485 814 2570 προῆλθε
845 2485 905 2551 τοῦ
934 2486 1019 2551 θεοῦ
1052 2477 1099 2563 εἷς

84 2585 146 2675 ἀφ’
182 2585 257 2668 ἑνός
288 2591 350 2657 τοῦ
377 2591 503 2675 νοητοῦ
534 2588 662 2676 κόσμου
695 2586 851 2675 βασιλεὺς
870 2576 998 2675 Ἥλιος,
1031 2591 1100 2656 τῶν

84 2697 215 2784 νοερῶν
241 2697 334 2762 θεῶν
361 2694 460 2780 μέσος
487 2696 524 2762 έν
551 2695 664 2781 μέσοις
686 2698 883 2782 τεταγμένος
910 2693 993 2763 κατὰ
1012 2709 1153 2764 παν-142

41 2822 69 2862 25
84 2807 182 2869 τοίαν
218 2799 396 2887 μεσότητα,
433 2796 495 2887 τῆν
532 2795 708 2888 ὁμόφρονα
744 2802 800 2868 καλ
838 2807 941 2888 φίλην
973 2802 1028 2869 καὶ
1060 2798 1101 2867 τόι

86 2909 247 2974 διεστῶτα
276 2904 506 2992 συνάγουσαν,
535 2910 582 2986 είς
599 2907 722 2974 ένῶσιν
741 2903 834 2992 όίγων
862 2904 902 2974 τδι
929 2914 1100 2973 τελευταῖα

84 3084 172 3152 μέσος
193 3085 233 3154 Η]
258 3082 289 3139 τό
304 3083 408 3153 μέσον,
444 3088 554 3138 Maron.
574 3081 622 3157 έπλ
646 3104 695 3153 pro
718 3081 778 3139 έστλ
802 3087 932 3152 conjecit,
956 3088 1017 3141 Pet.
1041 3081 1100 3139 έστλ

84 3157 198 3215 seclusit
267 3149 355 3220 ὀπὴν
373 3147 532 3207 ὑπόστασιν
549 3155 575 3204 V
612 3149 772 3207 ὑπόστασιν
841 3159 856 3205 9
880 3150 979 3206 αἰτίαν
997 3153 1032 3222 V]
1051 3149 1100 3206 οῦ-

86 3221 161 3278 σίαν,
193 3222 437 3274 ef.142A1430
507 3224 538 3272 11
557 3219 626 3274 ουδὲ
645 3221 681 3288 Η]
705 3214 771 3274 οὔτε
805 3222 821 3302 Ιτ
846 3220 912 3303 δοίη
934 3220 1010 3286 libri]
1034 3220 1100 3288 δοίη

85 3279 126 3342 ῶν
142 3283 176 3340 τό
199 3289 204 3354 Ι
224 3284 321 3356 αῦτός]
342 3280 417 3342 αῦτοὶ
434 3290 459 3340 V
480 3289 484 3355 Ι
508 3284 615 3349 ὁθεός
633 3278 718 3348 οὗτος
735 3286 770 3352 V]
789 3303 873 3347 ουτος
892 3285 999 3363 ορθεός
1070 3293 1101 3340 12

85 3351 123 3408 τὰ
148 3349 247 3409 πόντοι
273 3356 349 3423 libri]
374 3349 470 3409 πάντα
558 3360 589 3409 18
615 3358 683 3408 Post
704 3349 803 3421 νόησις
827 3353 890 3410 add.
909 3347 946 3422 ῆν
964 3357 1102 3410 MbEFG

86 3427 119 3474 21
142 3415 311 3490 ἀποπληροῖ
325 3422 400 3493 libri]
425 3423 475 3476 κοιλ
494 3417 659 3490 ἀποπληροῖ
729 3426 763 3474 24
786 3420 870 3488 μέσος
893 3417 923 3476 έν
947 3440 998 3474 om.
1016 3430 1074 3489 pet.
1095 3423 1098 3491 λ

86 3484 295 3558 ἐντεταγμένος
312 3498 369 3558 pet.
433 3494 465 3542 26
490 3490 539 3543 καί
558 3498 621 3558 post
645 3489 826 3558 σννοίγονσαν
852 3491 1067 3544 mmm
