2446 3870
147 127 208 189 142
447 124 857 178 IULIAMIMPERATossls

145 253 208 342 τὴν
243 255 414 342 θυγατέρα
448 252 485 320 δὲ
520 248 676 340 βασιλεύς
708 253 816 342 ἐαυτῷ
854 264 1025 319 συνοικεῖν
1063 247 1161 331 άξίαυ

110 366 265 447 Βὲκρινε,
291 361 346 429 καὶ
375 364 494 447 ἔδρασε
512 356 573 426 τὸν
601 357 710 446 γάμον
728 359 884 446 λαμπρῶς
906 354 988 444 μετὰ
1015 354 1056 424 τδι
1083 357 1160 446 τρό-

145 491 237 552 παια,
265 471 349 552 ἔθνη
378 466 432 534 καὶ
460 464 572 544 πόλεις
589 464 645 532 καὶ
672 462 801 551 μούσας
820 464 946 531 ἑστιῶν.
993 467 1024 530 εί
1049 465 1091 532 δέ
1110 489 1161 544 τις

145 569 209 662 άρα
242 574 380 640 ἐκείνων
412 569 591 640 ἐπακούειν
622 580 738 655 ποθεῖ,
770 566 860 650 ὅπως
892 567 954 655 μὲν
981 570 1016 636 ἐκ
1044 576 1160 638 Μακε-

145 682 262 805 δονίμς
294 680 439 745 ἐκαλεῖτο
472 673 552 764 μετά
583 678 639 763 τῆς
671 672 794 764 μητρὸς
822 671 843 762 ἡ
875 674 1007 762 νύμφη,
1039 680 1088 754 τίς
1122 675 1188 744 δδε

145 775 188 871 ἦν
216 778 233 852 6
262 786 319 869 τῆς
350 785 483 870 πομπῆς
514 781 650 869 τρόπος,
682 777 839 870 ἁρμάτων
870 782 976 849 καλ“
960 805 1071 849 ιππωυ
1103 782 1161 850 καὶ

146 886 321 978 ὀχημάτων
347 884 573 957 παντοδαπῶν
600 890 712 978 χρυσῶ
741 883 843 956 καῖ’
824 886 960 978 αργύρφ
988 883 1089 954 καῖ’
1073 913 1159 976 ορει-

145 995 253 1086 χάλκφ
286 992 366 1083 μετά
397 998 456 1082 τῆς
487 991 623 1084 ἀρίστης
653 995 769 1080 τέχνης
802 992 1044 1082 εἰργασμένων,
1079 1002 1159 1061 ἴστω

145 1103 310 1170 παιδικῶν
342 1100 476 1190 σφόδρα
513 1098 733 1186 ἀκουσμάτων
770 1101 954 1187 ἐπνθυμῶν.
1005 1098 1159 1188 καθάπερ

93 1205 215 1296 111γάρ
239 1204 332 1294 οἶμαι
360 1208 557 1296 κιθαρῳδοῦ
583 1231 674 1285 τινος
692 1207 805 1285 δεξιοῦ
823 1202 886 1292 τὴν
912 1206 1044 1292 τέχνην·
1073 1210 1158 1273 ἔστω
1174 1233 1202 1272 10

146 1313 198 1398 δέ,
226 1316 257 1380 εί
283 1311 413 1397 βούλει,
448 1312 660 1400 Τέρπανδρος
692 1301 791 1392 ούτος
823 1305 843 1398 ἢ
877 1305 895 1378 6
928 1318 1161 1398 Μηθυμναῖος

146 1418 281 1501 ἐκεῖνος,
310 1412 351 1484 δν
379 1413 420 1503 δὴ
449 1415 548 1503 λόγος
574 1421 639 1503 ἔχει
667 1421 825 1507 δαιμονία
852 1419 966 1506 πομπῇ
994 1416 1160 1506 χρησάμε-

145 1548 208 1590 νον
249 1523 536 1611 φιλομουσοτέρου
576 1524 638 1590 τού
680 1528 838 1610 δελφῖνος
878 1536 991 1610 τυχεῖν
1027 1518 1048 1610 ἢ
1089 1525 1160 1590 τῶν

146 1628 395 1716 ξυμπλεόντων,
427 1630 482 1696 καὶ
515 1629 567 1696 ἐπὶ
599 1626 660 1715 τὴν
693 1626 894 1717 Λακωνικὴν
925 1625 1033 1717 άκραν
1065 1655 1159 1716 κομι-

145 1736 283 1821 σθῆναι·
311 1739 427 1819 ἔθελγε
454 1731 518 1823 γάρ
537 1732 629 1822 οἶμαι
651 1731 731 1815 τούς
750 1740 923 1821 δυστυχεῖς
950 1734 1076 1815 ναύτας
1093 1731 1160 1802 ὅσα
1175 1760 1201 1802 15

146 1842 271 1920 ἐκεῖνος
298 1837 362 1909 άπὸ
390 1842 448 1927 τῆς
475 1841 591 1927 τέχνης
617 1839 806 1929 εἰργάσατο,
833 1836 936 1927 αύτῆς
964 1839 1001 1908 δὲ
1029 1842 1158 1929 ἐκείνης

144 1942 343 2036 ὑπερεώρων
371 1946 426 2014 καὶ
455 1942 616 2033 ούδεμίαν
644 1943 737 2035 ῶραν
760 1948 936 2015 ἐποιοῦντο
955 1948 1013 2033 τῆς
1040 1966 1157 2033 μουσι-

107 2055 217 2140 Βκῆς·
250 2058 282 2121 εί
307 2049 349 2139 δὴ
378 2043 441 2121 οὖν
467 2080 516 2131 τις
547 2067 621 2120 τοῖν
648 2049 791 2141 άνδροίν
822 2054 964 2120 ἐκείνοιν
991 2049 1052 2120 τὸν
1078 2051 1157 2139 κρά-

143 2178 258 2226 τιστον
286 2157 515 2244 ἐπιλεξάμενος
541 2159 596 2226 καὶ
625 2154 773 2238 άποδοδς
805 2155 865 2226 τόν
892 2159 968 2246 περὶ
995 2156 1032 2225 τὸ
1061 2160 1157 2245 σῶμα

144 2263 271 2349 κόσμον
306 2265 346 2351 τῇ
379 2265 476 2350 τέχνη
513 2264 680 2352 πρέποντα
712 2261 783 2332 εἶτα
816 2266 848 2344 ἐς
884 2260 1032 2352 θέατρον
1073 2288 1157 2352 παρ·
1173 2292 1200 2332 ει

145 2367 264 2454 αγάγοι
287 2371 514 2437 παντοδαπῶν
533 2365 668 2458 άυδρῶν
686 2371 741 2437 καὶ
760 2372 932 2455 γυναικῶν
950 2371 1006 2438 καὶ
1024 2374 1158 2438 παίδων

145 2472 245 2559 φύσει
276 2499 311 2541 τε
347 2474 402 2540 καὶ
435 2469 545 2563 ἡλικίᾳ
577 2476 633 2542 καὶ
665 2489 735 2555 τοῖς
771 2473 884 2556 άλλοις
920 2475 1158 2562 ἐπιτηδεύμασι

144 2578 390 2667 διαφερόντων,
424 2575 486 2649 ούκ
518 2575 561 2648 ἂν
593 2589 707 2649 οίεσθε
743 2578 823 2662 τοὺς
854 2580 915 2668 μὲν
947 2586 1069 2662 παῖδας
1101 2582 1157 2649 καὶ

144 2686 212 2752 τῶν
248 2681 385 2774 ἀνδρῶν
421 2686 477 2754 καὶ
511 2687 609 2772 [τῶν]
646 2690 818 2772 γυναικῶν
855 2683 973 2755 ὁπόσοι
1009 2689 1158 2755 τοιοῦτοι

144 2794 191 2871 είς
218 2787 279 2878 τὴν
312 2794 436 2879 ἐσθῆτα
469 2793 524 2861 καὶ
556 2790 618 2880 τὴν
650 2791 797 2882 κιθάραν
825 2789 1076 2880 ἀποβλέποντας
1105 2795 1155 2860 ἐκ·
1171 2818 1198 2859 2⁵

142 2901 331 2985 πεπλῆχθαι
363 2901 481 2979 δεινῶς
512 2896 595 2987 πρὸς
625 2896 687 2984 τὴν
720 2895 815 2985 όκγιν,
847 2901 921 2966 τῶν.
947 2895 1085 3035 άνδρῶν
1120 2898 1157 2966 δὲ

222 3142 274 3199 Ῑά
278 3147 343 3212 ξίαν
363 3146 440 3215 Cob.]
458 3141 542 3212 άξιον
628 3151 697 3200 ὅτε
716 3146 801 3199 wast
785 3164 880 3200 ιππων
898 3149 967 3200 Rsk
1053 3147 1157 3200 8ίστω

141 3211 283 3282 Wytt.]''
263 3232 315 3267 ατε
401 3221 416 3268 9
443 3215 499 3268 τῶν
522 3220 586 3266 ante
605 3214 749 3267 παιδικῶν
774 3217 872 3268 sustuli
959 3219 991 3267 10
1017 3213 1067 3268 καὶ
1090 3221 1155 3267 ante

141 3283 390 3362 κιθαρῳδούεδὰ
410 3287 522 3363 Mpet
581 3274 645 3333 11
632 3299 647 3334 ο
667 3299 718 3338 om
736 3285 760 3331 V
830 3287 861 3335 16
880 3276 950 3349 απο]
970 3275 1070 3335 διιόν
1124 3286 1156 3334 17

142 3334 317 3428 ῶρανἩ]
293 3369 373 3417 ωραν
445 3355 475 3403 19
494 3369 545 3403 τον
563 3349 686 3418 σωμαῖ
755 3354 788 3402 20
805 3345 834 3410 ἒς
852 3348 923 3419 VM]
944 3346 986 3410 είς
1038 3353 1071 3402 23
1091 3351 1155 3402 διο

143 3413 289 3481 φερόντων
300 3416 344 3485 Η]
358 3416 587 3485 διαφερομένων
671 3421 704 3470 24
725 3415 782 3470 τῶν
804 3419 939 3470 inclusum
958 3420 1053 3471 om.V
1124 3421 1156 3468 25

141 3479 342 3551 ἐμπεπλῆσθαι
360 3490 384 3538 V
