2446 3870
115 165 177 228 200
417 160 561 212 IULIANI
583 159 831 210 IMPERATORIS

116 291 166 362 ὅτι
194 291 255 379 μέν
273 287 375 378 ’Ἁρης
394 285 518 370 ’Ἀζιζος
550 286 727 374 λεγόμενος
755 282 820 354 ὑπὸ
848 288 917 353 τῶν
945 285 1134 367 οἰκούντων
1164 338 1168 344 .

80 398 176 487 Βτήν
208 395 375 465 Ἔδεσσαν
416 393 540 481 Σύρων
578 389 693 461 Ἡλίου
734 390 977 482 προπομπεύει,
1014 399 1133 483 καίπερ

116 501 214 584 είδοδς
245 504 300 571 καί
332 497 501 590 προειπὼν
534 496 677 587 ἀφήσειν
709 526 765 586 μοι
799 501 897 567 δοκιό.
946 501 1007 566 τού
1033 499 1133 587 χάριν

117 611 154 681 δὲ
187 606 204 679 ὁ
238 608 338 689 λύκος
361 604 453 695 ’Ἁρει
485 607 626 692 μάλλον,
659 601 733 692 ούχλ
766 603 803 673 δὲ
831 600 931 696 Ἡλίω
957 603 1132 693 προσήκεις

116 723 224 786 καίτοι
251 711 443 801 λυκάβαντά
475 731 580 799 φασιν
608 708 672 779 άπὸ
704 714 766 779 τοῦ
799 711 903 779 λύκου
931 708 990 779 τὸν
1019 710 1160 799 ἑνικά-5

117 843 192 892 σιον
220 821 356 910 χρόνον·
385 816 538 906 ὀνομάζει
567 815 604 885 δὲ
632 814 736 885 αὐτὸν
765 814 826 904 ούχ
852 814 999 906 Ὅμηρος
1026 818 1133 904 μόνον

117 927 197 998 οὐδὲ
231 931 266 996 ol
299 925 461 1015 γνώριμοι
497 926 566 992 τῶν
599 919 767 1012 Ἑλλήνων
802 923 902 991 τούτο
939 920 975 991 τὲ
1015 920 1132 1012 ὄνομα,

116 1034 200 1125 πρὸς
228 1033 264 1101 δὲ
292 1034 348 1101 καὶ
377 1028 394 1101 ὁ
421 1030 514 1112 θεάς·
544 1028 695 1098 διανύων
722 1029 786 1119 γάρ
814 1049 919 1118 φησιν

194 1137 371 1230 Ὀρχηθμῷ
400 1135 592 1222 λυκάβαντα
620 1135 863 1223 δυωδεκάμηνα
890 1135 1043 1204 κέλευθα.

82 1246 232 1335 Οβούλει
260 1236 323 1313 οὖν
351 1249 398 1311 ἔτι
417 1262 471 1328 σοι
491 1234 642 1327 [τούτου]
663 1240 782 1330 φράσω
811 1249 922 1329 μεῖζον
944 1240 1132 1330 τεκμήριον,
1145 1263 1173 1303 1⁰

118 1349 169 1420 ὅτι
197 1349 261 1439 άρα
290 1345 384 1436 ὁτής
411 1347 536 1427 πόλεως
563 1342 658 1434 ήμῶν
678 1345 824 1434 οίκιστής
848 1344 909 1434 ούχ
928 1343 985 1416 ὑπ’
1008 1345 1133 1436 ’Ἁρεως
1186 1390 1188 1395 s

116 1457 333 1543 κατεπέμφθη
371 1453 496 1540 μόνον,
529 1448 601 1520 άλλ’
641 1462 721 1533 ίσως
757 1449 848 1545 αύτῷ
880 1456 938 1540 τής
974 1453 1035 1541 μὲν
1071 1456 1133 1524 τοῦ

118 1562 269 1649 σώματος
287 1562 491 1647 κατασκευής
518 1558 759 1646 συνεπελάβετο
780 1564 910 1647 δαίμων
938 1556 1054 1650 άρήιος
1077 1562 1134 1629 καὶ

117 1683 281 1755 γενναῖος,
310 1663 327 1736 ὁ
356 1665 533 1753 λεγόμενος
560 1667 772 1753 έπιφοιτήσαι
798 1668 839 1755 τή
857 1672 980 1756 Σιλβίᾳ
1007 1665 1133 1756 λουτρά

116 1778 156 1864 τή
182 1777 253 1867 θεῷ
282 1771 447 1863 φερούσῃ,
465 1769 511 1840 τὸ
541 1770 579 1839 δὲ
607 1768 686 1840 ὅλον
714 1774 747 1852 ἐξ
771 1767 887 1840 Ἡλίου
914 1775 1079 1861 κατήλθεν
1107 1767 1170 1860 ήισ

117 1880 206 1970 ψυχή
224 1882 286 1949 τού
304 1882 390 1949 θεοῦ
409 1883 576 1967 Κυρίνου·
603 1879 756 1946 πειστέον
775 1876 839 1967 γὰρ
858 1876 950 1966 οίμαι
968 1881 1008 1967 τή
1028 1876 1131 1967 φήμη.

74 1988 264 2069 Βσύνοδος
296 1983 436 2076 ἀκριβής
471 1987 539 2052 τῶν
575 1981 638 2073 τήν
674 1986 806 2072 έμφανή
839 1985 1133 2073 κατανειμαμένων

117 2099 291 2181 βασιλείαν
315 2089 431 2161 Ἡλίου
458 2118 492 2159 τε
519 2092 576 2159 καὶ
595 2090 745 2178 Σελήνης
773 2087 882 2180 ὥσπερ
911 2082 973 2159 οὖν
1001 2095 1048 2170 είς
1071 2089 1133 2180 τήν

118 2204 182 2287 γήν
209 2199 405 2287 κατήγαγεν,
434 2194 521 2265 ούτω
550 2198 605 2265 καὶ
632 2193 801 2284 άνήγαγεν
827 2193 870 2284 ήν
894 2194 958 2265 άπὸ
986 2200 1045 2284 τής
1072 2200 1134 2285 γής

117 2307 266 2386 ἐδέξατο,
298 2302 335 2372 τὸ
367 2299 497 2392 θνητὸν
529 2298 724 2388 άφανίσασα
760 2303 841 2392 πυρλ
872 2308 1039 2395 κεραυνίῳ
1071 2306 1134 2373 τοῦ
1147 2323 1173 2363 20

119 2410 277 2497 σώματος.
333 2405 420 2476 οὕτω
457 2407 632 2495 προδήλως
667 2405 687 2496 ή
720 2412 788 2476 τῶν
823 2415 999 2498 περιγείων
1036 2416 1132 2498 δημι-

118 2513 241 2605 ουργὸς
272 2511 338 2583 ὑπὸ
372 2511 476 2582 αὐτὸν
509 2510 618 2602 άκρως
650 2517 812 2603 γενομένη
845 2513 904 2584 τὸν
936 2512 1033 2602 ήλιον
1062 2518 1132 2585 ἐδέ-

118 2624 194 2705 ξατο
223 2625 270 2701 είς
297 2623 361 2708 γήν
388 2619 599 2708 πεμπόμενον
628 2619 684 2689 διά
711 2624 769 2708 τής
793 2617 938 2708 Ἀθηνᾶς
964 2624 1022 2708 τής
1040 2629 1131 2712 Προ-

117 2734 212 2808 νοίας
238 2725 298 2796 τὸν
331 2734 497 2817 Κυρίνου,
530 2723 755 2814 άυιπτάμενόν
787 2754 822 2796 τε
849 2718 950 2808 αὖθις
977 2724 1042 2796 άπὸ
1071 2731 1133 2816 γῆς

117 2836 170 2904 ε’πλ
197 2832 257 2903 τὸν
275 2835 412 2921 βασιλέα
430 2836 498 2902 τῶν
526 2829 615 2901 ὅλων
634 2832 843 2920 ἐπανήγαγεν
870 2830 990 2901 αὐτίκα
1004 2830 1132 2903 Ἥλιον.
1145 2850 1171 2892 2⁵

66 2947 169 3017 Ισσέτι
189 2961 252 3034 σοι,
266 2939 380 3028 βούλει
398 2941 474 3029 περὶ
501 2941 569 3007 τῶν
597 2935 709 3008 αὐτῶν
728 2939 847 3029 φράσω
875 2939 1051 3029 τεκμήριον
1070 2943 1132 3009 τοῦ

118 3047 217 3135 Νόμα
244 3050 305 3116 τοῦ
338 3048 500 3134 βασιλέως
528 3051 641 3135 ἔργον;
674 3042 905 3134 άσβεστονξ
871 3048 905 3127 ἐξ
937 3042 1036 3135 ήλίου
1065 3074 1130 3134 φυ

185 3246 322 3304 λέδεσαν
341 3253 399 3306 Mb.
423 3252 479 3306 vid.
497 3252 534 3301 ad
553 3250 636 3302 1500
689 3243 904 3331 ὅλύκουΡε1.]
925 3249 999 3304 θεου
1053 3249 1128 3331 iol]

118 3319 180 3372 οιδι
200 3320 264 3370 libri
321 3323 353 3371 10
371 3311 476 3372 τούτου
494 3335 545 3372 om.
563 3319 628 3368 libri
688 3320 719 3368 11
739 3311 867 3384 οἰκιστής
885 3313 993 3385 libri]
981 3338 996 3372 ο
1016 3315 1131 3388 κτιστής

119 3391 149 3439 13
168 3379 284 3455 άρεῖκός
300 3389 364 3439 libri
452 3390 483 3438 19
506 3378 544 3452 ἣν
562 3386 622 3436 scil
641 3378 740 3452 ψυχὴν
757 3386 824 3437 ferri
841 3392 945 3470 potest,
969 3389 1019 3439 sed
1035 3391 1132 3441 malim

117 3447 151 3506 δν
171 3471 233 3504 cum
251 3455 378 3506 Mamilio
442 3447 696 3534 καταπιόμενον
715 3452 786 3520 Ρο1.]
804 3450 975 3533 πεμπομένη
1057 3459 1132 3509 26ε1

114 3525 149 3571 27
168 3537 220 3572 του
236 3516 326 3586 Νόμα
344 3519 383 3588 Η]
403 3514 530 3587 τοῦνομα
548 3523 621 3585 libri,
640 3518 691 3572 τοῦ
710 3521 817 3587 Νουμᾶ
836 3539 854 3573 v
