2416 3864
133 137 196 202 306
439 140 582 192 1UL1AN1
604 113 847 194 lMPssaAwffls'

134 270 201 335 τῶν
228 267 376 352 παίδων,
408 264 479 340 εἶτα
506 266 623 336 κύκνοι
652 264 792 356 λιγυρὸν
819 265 958 357 ᾅδοντες
985 269 1042 336 καὶ
1071 271 1149 358 ἐπη-

133 376 259 461 χοῦντα
287 369 401 453 αύτοῐς
419 371 459 440 τδι
478 375 614 462 δένδρα,
640 374 798 461 λειμῶνές
816 401 850 442 τε
869 378 1026 460 ἐνδροσοι
1045 385 1150 462 μαλα-

134 483 194 568 κῆς
220 479 305 560 πόας
331 480 386 547 καί
414 485 555 566 βαθείας
582 487 728 567 πληρεῖς,
756 476 777 566 ἦ
804 507 839 548 τε
858 482 894 548 ἐκ
916 482 984 549 τῶν
1012 477 1151 550 άνθέεον

93 583 222 673 Βόδμη
255 586 311 653 καὶ
343 582 381 653 τὸ
414 590 474 675 ἐαρ
507 581 589 654 αύτδ
622 593 682 655 καί
709 613 797 666 τινες
829 585 956 667 εἰκόνες
985 591 1167 679 τοιαῦται..

39 762 40 767 ,
71 754 74 763 ,
133 695 201 762 ποῦ
228 694 327 760 τοῦτο
353 687 541 780 Ἰσοκράτης
569 693 606 760 ἐν
624 707 694 773 τοῖς
716 695 988 781 ἐγκωμιαστικοῖς
1015 695 1174 782 ἐποίησεν

135 798 259 885 λόγοις,
291 800 359 867 ποῦ
391 796 429 866 δὲ
460 801 529 866 τῶν
560 800 713 867 παλαιῶν
743 826 793 880 τις
824 795 980 887 άνδρῶν,
1014 806 1052 868 οἳ
1080 816 1152 881 ταῖς

134 902 292 985 Μούσαις
320 907 492 973 ἐτελοῦντο
511 910 667 993 γνησίοις,
695 902 766 974 ἀλλ’
797 901 859 992 ούχ
883 901 993 995 ῶσπερ
1014 910 1051 974 οί
1071 910 1151 988 νῦν;

135 1008 257 1098 άφίημι
286 1011 323 1079 δὲ
350 1010 390 1079 τά
418 1011 507 1099 ἑξῆς,
535 1015 591 1079 ἴνα
619 1008 663 1099 μὴ
691 1012 747 1079 καὶ
779 1009 863 1100 πρὸς
890 1011 1032 1092 τούτους
1074 1010 1151 1082 άπε-

136 1117 347 1206 χθανόμενος
379 1114 447 1203 άμα
478 1133 548 1198 τοῖς
579 1144 614 1186 τε
641 1117 863 1203 φαυλοτάτοις
894 1120 963 1185 τῶν
990 1122 1152 1187 Κυνικῶν

136 1224 193 1292 καὶ
220 1226 288 1291 τῶν
316 1222 469 1312 ῥητόρων
496 1222 776 1312 προσκρούσαιμι·
805 1219 850 1304 ῶς
876 1228 987 1310 ἔμοιγε
1004 1225 1091 1314 πρός
1117 1251 1151 1294 τε
1164 1247 1184 1287 ιι

136 1328 217 1409 τοῦς
243 1335 441 1418 κρατίστους
467 1331 534 1396 τῶν
562 1332 736 1416 Κυνικῶν,
764 1339 798 1398 εί
820 1357 870 1409 τις
896 1326 962 1419 άρα
989 1335 1060 1399 ἔστι
1087 1329 1153 1401 νῦν

136 1437 299 1521 τοιοῦτος,
317 1435 373 1503 καί
392 1431 475 1523 πρὸς
497 1433 577 1515 τοῦς
594 1442 771 1522 γενναίους
790 1435 932 1525 ῥήτοράς
950 1438 1018 1504 ἐστι
1038 1435 1153 1523 φιλικά

102 1541 254 1613 Οπάντα.
303 1543 371 1609 τῶν
403 1540 464 1628 μὲν
497 1539 539 1629 δὴ
571 1541 736 1611 τοιούτων
742 1542 952 1668 λόγων,εί
921 1543 1034 1610 είκαί
1067 1543 1153 1613 πολῦ

136 1650 271 1735 πλῆθος
297 1649 437 1737 ἐπιρρεῖ·
465 1645 580 1716 κάλ’
540 1675 603 1717 ουκ
622 1654 713 1717 ἔστιν
739 1645 823 1716 ὅσον
842 1644 916 1776 οῦηλ
945 1649 1056 1733 λέγειν
1080 1651 1152 1719 ἐθέ-

137 1764 206 1823 λειν
232 1781 282 1835 τις
309 1756 345 1823 έκ
363 1755 454 1824 πάνυ
482 1757 647 1837 δαψιλοῦς
674 1750 905 1843 άντλήσειεν
886 1749 928 1822 άν
947 1760 1068 1823 πίθου
1097 1782 1153 1844 της
1164 1775 1183 1818 ιι

136 1861 354 1950 προκειμένης
385 1857 466 1950 ἡμῖν
498 1857 656 1949 ἀσχολίας
687 1862 801 1951 ἕνεκεν
832 1856 1005 1947 άφέξομαι.
1052 1861 1152 1952 μικρά

137 1967 175 2036 δέ
202 1973 250 2036 ε”τι
277 1971 323 2060 τῷ
351 1967 439 2059 λόγῳ
458 1967 619 2057 προσθείς
638 1963 748 2055 ῶσπερ
775 1962 941 2054 ὀφλήματι
966 1964 1005 2034 τὸ
1035 1968 1153 2037 ἐνδέον
1184 1980 1204 2017 s

101 2071 189 2146 θέτ’
220 2071 300 2143 άλλο
328 2100 359 2141 τι
376 2074 550 2164 τρέψομαι,
577 2074 716 2160 ταυτηνί
728 2125 730 2128 ψ
743 2069 806 2159 τὴν
824 2068 1023 2162 ξυγγραφὴν
1047 2071 1153 2142 αὐτοῦ

136 2206 203 2249 που
230 2178 414 2269 πληρῶσας.
1086 2222 1090 2228 ,

221 2293 278 2365 Τίς
305 2277 369 2354 οῦν
395 2282 416 2372 ἡ
445 2289 513 2353 τῶν
540 2287 793 2374 Πυθαγορικῶν
826 2280 981 2371 εὐλάβεια
1008 2286 1086 2375 περὶ
1114 2284 1153 2354 τά
1166 2308 1188 2348 ιο

137 2393 206 2458 τῶν
232 2393 326 2458 θεῶν
354 2388 511 2479 ὀνόματα,
538 2397 588 2472 τίς
616 2391 653 2459 δέ
680 2386 916 2477 ἡΠλάτωνος;
944 2388 1096 2472 ποταπὸς
1119 2391 1155 2460 δέ

137 2488 181 2583 ἦν
199 2499 236 2565 ἐν
254 2495 386 2577 τούτοις
402 2493 638 2586 Ἀριστοτέλης,
667 2488 722 2586 ἆρ’
753 2493 815 2565 οῦκ
834 2492 929 2577 άξιον
948 2491 1031 2565 αύτὸ
1053 2501 1155 2581 ἐδεῖν;

138 2598 159 2690 ἢ
187 2600 248 2670 τὸν
275 2602 337 2690 μὲν
356 2603 489 2691 Σάμιον
501 2599 504 2606 ’
517 2599 629 2683 οὐδεὶς
652 2599 784 2692 άντερεῖ
802 2605 959 2670 τοιοῦτον
978 2603 1155 2688 γενέσθαι;

138 2710 193 2778 καί
231 2706 297 2798 γάρ
334 2706 411 2778 ούτε
447 2707 484 2778 τὸ
522 2706 669 2797 ὀνόματα
709 2710 802 2777 θεῶν
838 2710 875 2776 ἐν
909 2710 950 2796 τῇ
992 2715 1156 2796 σφραγῖδι

138 2830 259 2906 φορεῖν
292 2816 466 2906 ἐπέτρεπεν
498 2812 575 2885 ούτε
608 2813 645 2884 τὸ
679 2812 767 2909 ῦρκφ
805 2817 952 2903 χρῆσθαι
982 2819 1156 2902 προπετῶς
1168 2835 1203 2889 ιιἸ

138 2939 209 3004 τοῖς
234 2925 303 2991 τῶν
329 2925 423 2991 θεῶν
442 2919 614 3010 ὀνόμασιν.
660 2926 691 2989 εί
718 2920 755 2988 δδ
774 2922 839 2988 νῦν
857 2920 995 3007 λέγοιμι,
1023 2917 1076 2989 ὅτι
1099 2923 1156 2990 καί

86 3035 194 3110 237είς
212 3038 386 3116 Αίγυπτον
404 3026 573 3126 ἐπορεύθη
592 3028 647 3096 καὶ
666 3027 799 3116 Πέρσας
818 3024 886 3095 εἶδε
904 3027 960 3094 καί
983 3031 1157 3115 πανταχοῦ

207 3246 288 3306 δτις
311 3247 373 3301 εδδ.
391 3230 416 3297 V
482 3249 522 3296 12
526 3239 655 3326 φιλικά
672 3245 734 3297 Pet.
759 3243 871 3309 κρανία,
897 3261 966 3309 φ.
988 3245 1025 3306 V,
1051 3245 1154 3309 φιλ.

139 3321 194 3397 pet.
281 3315 313 3366 15
336 3303 540 3393 άντλήσειεν
522 3302 561 3365 διν
578 3310 616 3380 H]
636 3304 787 3390 άντλήσειε
805 3310 856 3362 τοῦ
945 3313 976 3361 16
1000 3307 1101 3363 ἕνεκεν
1119 3311 1156 3378 H]

140 3382 252 3435 εἵνεκεν
321 3385 352 3433 21
371 3374 502 3441 ποταπὸς
520 3378 597 3447 Cob.]
615 3374 749 3438 ποδαπός
829 3381 862 3429 24
884 3371 952 3430 οὔτε
970 3370 1004 3429 τδ
1024 3369 1158 3458 δνάματα

140 3448 218 3529 Cob.]
243 3441 278 3500 οῦ
301 3445 333 3500 τδ
355 3442 456 3530 ὄνομα
534 3451 567 3499 25
590 3439 656 3500 οῦτε
681 3443 712 3497 τδ
732 3439 806 3512 ῦρκῳ
826 3443 906 3513 Cob.]
932 3440 1003 3497 οῦδὲ
1021 3444 1060 3514 τῷ
1079 3435 1158 3512 ὅρκῳ

137 3520 172 3568 26
190 3508 333 3580 ὀνόμασιν
350 3509 422 3580 V]’
407 3507 527 3581 ονύμασι
