2446 3870
481 146 619 198 ORATIO
640 149 675 198 11.
1026 148 1083 213 χχχ

63 275 171 364 λήνης
203 271 329 343 κύκλον
361 270 458 361 ἀρξαι
490 276 589 361 σφων
621 271 851 363 ἀνασχόμενοι.
897 278 995 344 τοῦτο
1023 276 1085 366 μὲν

66 379 110 469 δὴ
138 377 230 469 παρὰ
257 383 316 467 της
346 382 415 448 τόν
443 380 605 466 φυλάκων
636 377 771 462 εὐνοίας
803 376 928 469 ὑπῆρξε
955 388 1087 468 βασιλεῖ

65 484 105 557 τὸ
133 488 245 576 γέρας,
273 483 377 574 ἀρχῆς
404 482 579 575 ἀμεμφοός
606 489 662 556 καὶ
690 491 821 568 δικαίας
844 484 968 575 ἀμοιβὴ
995 498 1083 557 θαυ-

64 589 186 681 μαστή.
233 589 324 672 ὅστις
352 591 389 661 δὲ
421 589 472 662 ἐπ’
503 589 588 681 αὐτῇ
617 596 735 680 γέγονε
766 604 901 662 ποθεῖτε
934 590 1083 662 ἀκούειν·

35 696 140 773 τᾶλλ’
181 694 263 767 οὐδὲ
298 701 398 768 τοῦτο
434 694 522 786 ὑμᾶς
557 700 713 786 λέληθεν,
751 697 802 769 ότι
838 700 919 788 μήτε
954 702 988 781 ἐς
1023 697 1084 769 τόν

63 809 199 875 ἐκείνου
226 809 332 874 παῖδα
358 803 499 893 χαλεπὸς
526 804 607 893 μήτε
625 807 659 887 ἐς
681 803 760 887 τοὺς
788 813 908 892 φίλους
936 803 1084 887 ὕποπτος
1196 896 1204 904 ο

62 913 122 981 καὶ
155 908 267 992 δεινὸς
303 914 407 980 είλετο
444 914 619 999 γενέσθαι,
656 909 738 980 ἀλλά
776 908 821 992 ὡς
856 917 908 979 ἔνι
939 912 1121 999 μάλιοταΒ

62 1017 182 1109 πρᾴως
214 1014 280 1104 εἶχε
311 1019 367 1086 καὶ
404 1014 545 1106 εὐμενὴς
575 1019 678 1086 πᾶσιν
710 1009 768 1104 ἦν,
805 1023 913 1086 καίτοι
949 1023 1082 1088 πολλῶν

63 1138 295 1206 συκοφαντεῖν
322 1123 510 1192 ἐθελόντων
536 1125 592 1192 καὶ
619 1125 809 1211 όιηρμίνων
832 1125 885 1192 ἐπὶ
912 1123 992 1205 τοὺς
1019 1123 1081 1193 οὐκ

20 1267 49 1305 ιο
63 1236 196 1310 αἰτίους
221 1226 262 1297 τὰ
288 1231 418 1318 κέντρα.
462 1232 596 1299 πολλῶν
615 1228 652 1299 δὲ
670 1227 773 1317 τυχὸν
801 1227 936 1317 ἀληθῶς
955 1230 1082 1317 ἐνόχων

63 1335 178 1407 όντων
203 1350 276 1416 ταῖς
302 1337 378 1423 περὶ
405 1332 518 1404 αὐτῶν
545 1333 716 1422 ὑποψίαις,
744 1332 867 1424 ὁμοίως
896 1334 1020 1405 ἅπασιν
1038 1328 1082 1424 ἦν

62 1446 173 1532 πρᾷος
202 1456 273 1522 τοῖς
306 1439 369 1511 οὐκ
401 1444 608 1529 ἐλεγχθεῖοιν
640 1440 721 1511 οὐδὲ
754 1439 981 1529 ἀποφανθεῖοι
1013 1471 1082 1512 κοι-

63 1562 189 1627 νωνοῖς
215 1551 285 1616 τῶν
313 1545 446 1617 ἀτόπων
464 1550 521 1617 καὶ
540 1550 721 1636 ἐξαγίστων
740 1549 989 1638 βουλευμάτων.Ι
1020 1547 1082 1638 τὴν

64 1656 103 1725 δὲ
131 1657 165 1735 ἐς
192 1647 253 1724 τόν
279 1657 342 1722 τοῦ
373 1653 673 1743 παρανομήσαντας
700 1660 804 1724 παῖδα
831 1656 887 1723 καὶ
914 1656 1081 1743 πατήσαν-

24 1795 51 1834 ιι
63 1790 122 1842 τος
147 1766 260 1830 πίστιν
292 1762 348 1828 καὶ
376 1757 473 1849 ὅρκια
506 1758 612 1849 φειδὼ
645 1753 710 1849 ἀρα
742 1759 918 1849 βασιλικὸν
946 1759 1120 1849 ἀληθῶςο
1206 1779 1207 1784 ’

63 1869 121 1938 καὶ
148 1878 246 1936 θεῖον
274 1866 438 1954 φήσομεν,
465 1863 634 1954 ἢμᾶλλον
661 1864 892 1954 ἀποδεξόμεθα
910 1866 971 1937 τόν
987 1864 1079 1954 Ἀγα-

63 1975 214 2063 με’μνονα
242 1980 490 2060 χαλεπαίνοντα
514 1973 570 2041 καὶ
589 1973 849 2060 πικραινόμενον
867 1976 935 2039 τῶν
957 1974 1081 2062 Τρώων

64 2079 108 2150 οὐ
134 2095 205 2161 τοῖς
237 2078 507 2168 ξυν(εξ)ελθοῦοι
539 2079 645 2166 μόνον
676 2081 723 2170 τῷ
750 2077 877 2165 Πόριθι
909 2079 964 2146 καὶ
997 2088 1081 2147 καθ-

62 2193 223 2276 υβρίσασι
241 2188 304 2254 τοῦ
322 2187 479 2254 Μενέλεω
507 2183 569 2273 τὴν
596 2187 718 2270 ἑστίαν,
746 2181 829 2253 ἀλλὰ
852 2185 995 2265 καὶτοῖς
1022 2212 1080 2254 κυ-

27 2296 222 2381 εοουμένοις
254 2297 302 2359 ἔτι
335 2293 391 2360 καὶ
427 2283 475 2359 τόν
508 2289 613 2379 τυχὸν
649 2289 729 2360 οὐδὲ
766 2295 805 2359 αί
839 2292 974 2379 μητέρες
1009 2288 1078 2361 τότ’

64 2398 280 2487 ἐγεγόνεσαν,
322 2393 420 2468 ὁπότε
462 2400 588 2478 ἐκεῖνος
628 2395 669 2466 τὰ
709 2399 784 2487 περὶ
825 2395 887 2485 την
927 2393 1082 2487 ἁρπαγὴν

63 2505 206 2587 ἐνενόει;
239 2510 271 2572 εί
302 2502 343 2592 δὴ
375 2503 413 2572 τό
446 2503 508 2591 μὲν
545 2500 638 2591 ἀμόν
670 2531 718 2584 τις
755 2513 858 2573 οίεται
881 2506 946 2591 ,καὶ
977 2502 1081 2593 τραχὺ

62 2614 119 2681 καί
147 2608 380 2698 ἀπάνθρωπον
412 2608 529 2698 ἥκιστα
562 2617 695 2696 βασιλεῖ
723 2612 874 2699 πρέπειν,
906 2609 944 2678 τὸ
972 2613 1081 2701 πρᾷον
1099 2631 1124 2683 D

64 2719 101 2787 δὲ
140 2715 233 2805 οἶμαι
270 2719 325 2784 καί
362 2715 508 2804 χρηστὸν
539 2718 596 2784 καί
628 2715 875 2805 φιλάνθρωπον
906 2712 1081 2805 ἁρμόττειν

29 2821 182 2912 εεῆκιστα
211 2822 272 2910 μὲν
299 2829 450 2912 χαίροντι
467 2829 649 2910 τιμωρίαις,
677 2819 853 2914 ἀχθομένη)
873 2822 911 2891 δὲ
939 2824 991 2891 ἐπὶ
1010 2837 1081 2903 ταῖς

64 2933 132 2999 τοῖν
166 2925 327 3016 ὑπηκόων
360 2931 562 3017 ξυμφοραῖς,
595 2925 685 3009 ὅπως
717 2925 761 2998 ἀν
788 2936 983 3015 γίγνωνται,
1016 2936 1081 2995 είτε

63 3043 163 3128 κακία
192 3037 292 3121 σφων
318 3037 376 3103 καὶ
395 3032 535 3125 ἀμαθίᾳ,
563 3043 627 3103 είτε
646 3037 772 3115 ἔξωθεν
790 3032 880 3123 παρά
898 3037 957 3120 της
979 3032 1081 3120 τύχης

132 3245 343 3305 1κόκλονοω.
361 3252 386 3302 V
439 3255 464 3303 5
474 3245 618 3317 ἕίςνμς
670 3245 881 3316 6ἒς7Μ]εἰς
934 3251 963 3299 11
983 3266 1080 3301 αυτυν

64 3319 104 3388 Μ]
123 3337 217 3373 αυτον
287 3324 318 3371 12
337 3312 555 3396 ἓξελεγχθεισιν
578 3321 613 3373 Η.
644 3319 782 3369 cf.1000
854 3321 885 3366 14
903 3309 1081 3399 ἐςνΜμίς

67 3391 96 3439 18
116 3386 328 3468 ξυνεξελθοχῖαι
346 3385 423 3469 Η]ξ
425 3385 585 3439 υνελθοῦοι
654 3389 687 3437 20
710 3373 750 3436 ὧν
767 3377 856 3452 τυχόν
873 3383 910 3451 Η]
934 3378 1021 3451 τυχὸν
1041 3373 1080 3436 ὧν

65 3458 144 3508 ῖθεε
163 3460 196 3507 21
219 3447 269 3506 τότ
274 3388 531 3521 ’ἐγεγόνεσανΗῙ
557 3448 620 3506 τότε
639 3446 797 3519 γεγόνεσαν
865 3455 898 3504 26
917 3453 1081 3520 ξυμφοραῖς
1172 3459 1174 3461 ’

65 3521 98 3588 V]
122 3527 287 3590 συμφοραῖς
311 3522 315 3588 Ι
345 3523 501 3589 γίγνωνται
519 3519 565 3586 V]
571 3521 709 3588 γίνωνται
