2446 3870
453 120 454 124 ‘
483 128 618 180 οιιιυιο
636 129 673 185 11.
1025 130 1090 196 105

71 257 105 325 οί
133 255 276 342 πατέρες
311 250 396 342 ὑπὲρ
433 257 502 323 τῶν
542 257 695 343 γαμετῶν
730 257 786 325 καί
829 260 898 326 τῶν
934 256 1087 347 ἐγγόνων

69 362 121 430 ἐπὶ
139 363 181 450 τή
200 367 309 451 κρίσει
327 366 574 455 δειμαίνοντες,
602 358 740 452 άτρεκης
763 364 804 431 δέ
819 365 963 431 ἐστικαὶ
982 362 1084 446 ἀψευ-

70 466 128 555 δής
160 465 284 557 κριτής.
329 462 415 554 ἡμᾶς
447 466 484 537 δέ
517 467 643 550 δεκάζει
675 468 737 556 μὲν
768 472 926 555 πλοῦτος,
960 471 1087 553 δεκάζει

69 574 104 642 δὲ
133 571 232 661 ἰσχὺς
260 574 317 641 καὶ
345 568 416 662 ῶρα
443 572 595 661 σώματος
616 575 673 642 καί
700 579 882 644 δυναστεία
908 574 1087 667 προγόνων

42 681 196 762 εέξωθεν
224 677 469 767 ἐπισκιάζουσα,
496 681 553 749 καὶ
581 677 643 749 οὐκ
667 683 830 771 ἐπιτρέπει
858 684 978 769 διορᾶν
1006 679 1086 751 οὐδὲ

67 783 273 874 ἀποβλέπειν
301 789 334 866 ές
361 783 422 873 τήν
440 785 563 874 ψυχήν,
591 776 673 876 ᾗπερ
701 786 743 875 δή
767 790 836 856 τῶν
863 786 974 856 άλλων
993 787 1086 881 ζῴων

67 894 288 982 διαφέροντες
325 890 459 973 είκότῶς
495 888 539 961 άυ
575 889 647 961 κατ’
686 890 769 962 αὐτὸ
806 892 868 981 τήν
908 890 992 983 ὑπὲρ
1029 897 1087 983 τής

68 996 241 1086 εὐγενείας
268 1004 449 1086 ποιοίμεθα
467 1004 588 1090 κρίσιν.
628 1005 689 1067 καί
703 1026 759 1087 μοι
783 1002 944 1068 δοκοῦσιν
971 997 1085 1069 εὐστο-

67 1112 121 1197 χίᾳ
158 1104 294 1192 φύσεως
321 1109 357 1173 οί
386 1104 488 1173 πάλαι
520 1107 700 1193 θαυμαστῇ
727 1103 907 1194 χρῶμενοι,
938 1108 995 1174 καί
1023 1102 1086 1175 οὐκ
1104 1124 1132 1177 Β

35 1242 56 1285 ιι
68 1213 247 1299 ἐπίκτητον
288 1207 399 1297 ῶσπερ
434 1206 528 1300 ἡμεῖς
568 1216 699 1299 ἔχοντες
733 1209 772 1280 τὸ
814 1225 971 1302 φρονεῖν,
1012 1209 1087 1281 οὔτι

68 1319 237 1403 πλαστῶς,
270 1313 342 1385 ἀλλ’
378 1313 558 1405 αὐτοφυῶς
590 1321 872 1406 φιλοσοφοῦντες,
899 1320 1000 1388 τοῦτο
1028 1346 1085 1389 κα-

69 1425 248 1511 τανοῆσαι,
281 1423 337 1491 καί
369 1422 429 1492 τὸν
457 1419 619 1513 Ἡρακλέα
651 1427 713 1493 τοῦ
739 1421 826 1506 Διὸς
857 1422 1006 1495 άνειπεῖν
1033 1431 1086 1512 ἐγ-

70 1556 174 1615 γονον
207 1529 264 1598 καλ
291 1527 337 1597 τῶ
369 1532 427 1616 τής
454 1529 571 1617 Λήδας
602 1532 687 1616 υίέε,
715 1538 816 1600 Μίνω
844 1558 879 1599 τε
907 1529 1000 1619 οἶμαι
1025 1529 1087 1600 τὸν

71 1637 263 1724 νομοθέτην
291 1636 346 1704 καί
366 1630 606 1724 Ῥαδάμανθυν
632 1633 692 1705 τὸν
714 1637 873 1706 Κνῶσιον
900 1639 959 1724 τής
985 1634 1087 1725 αὐτῆς

41 1739 211 1823 ιεάξιῶσαι
240 1741 364 1829 φήμης·
392 1743 448 1810 καὶ
476 1740 598 1823 άλλους
625 1741 663 1810 δέ
686 1739 797 1812 άλλων
824 1743 985 1829 ἐκγόνους
1012 1740 1086 1812 άνε-

11 1861 14 1940 J
71 1848 237 1938 κήρυττον
269 1844 414 1928 πολλοὺς
446 1850 669 1938 διαφέροντας
699 1852 769 1917 τῶν
797 1848 899 1936 φύσει
925 1849 1087 1938 πατέρων.

11 1973 13 2040 ξι
71 1960 213 2042 ἔβλεπον
245 1952 309 2044 γάρ
338 1956 371 2034 ἐς
397 1952 460 2043 τήν
491 1951 606 2042 ψυχήν
635 1951 742 2041 αὐτήν
769 1955 825 2022 καί
858 1952 916 2033 τὰς
942 1954 1087 2043 πράξεις,

71 2057 143 2129 ἀλλ’
175 2056 239 2129 οὐκ
267 2063 301 2141 ἐς
327 2063 474 2129 πλοῦτον
493 2059 609 2148 βαθὺν
636 2061 692 2128 καὶ
710 2058 821 2149 χρόνῳ
849 2058 979 2144 πολιόν,
1007 2055 1088 2126 οὐδὲ

11 2155 12 2202 ³
71 2172 278 2236 δυναστείαν
306 2169 341 2235 έκ
368 2166 513 2235 πάππων
540 2169 644 2235 τινῶν
662 2166 717 2234 καί
745 2163 943 2235 έπιπάππων
965 2166 1000 2245 ές
1027 2160 1086 2233 αὖ·
1118 2248 1122 2256 ¹

37 2271 151 2354 υτοὺς
184 2268 349 2360 ἥκουσαν·
387 2279 496 2342 καίτοι
527 2299 570 2358 ,γε
607 2268 737 2363 ὑπῆρχέ
766 2292 855 2340 τισιν
887 2267 930 2340 οὐ
962 2270 1129 2344 πάντά-ὓ·
1194 2359 1197 2366 ¹

69 2399 174 2448 τοισιν
203 2375 336 2460 άδόξων
354 2381 513 2465 γενέσθαι
532 2380 698 2468 πατέρων·
726 2375 809 2447 άλλδι
829 2376 885 2447 διὰ
908 2374 969 2467 τὴν
987 2373 1087 2468 ὑπερ-

69 2483 179 2574 βολήν
205 2475 246 2573 ής
278 2488 399 2572 ἐτίμων
431 2511 466 2553 τε
498 2486 554 2554 καὶ
586 2484 793 2575 ἐθεράπευον
824 2481 943 2576 άρετής
975 2481 1088 2552 αὐτῶν

70 2594 264 2680 ἐνομίζοντο
301 2593 370 2660 τῶν
404 2594 498 2660 θεῶν
533 2596 659 2671 παῖδες.
714 2593 819 2677 δῆλον
855 2591 893 2659 δὲ
934 2591 1086 2660 ἐνθένδε·

70 2696 184 2767 άλλων
215 2710 295 2786 γαρ
314 2694 394 2767 οὐδὲ
426 2697 550 2779 εἰδότες
585 2695 666 2777 τοὺς
698 2696 799 2784 φύσει
831 2699 952 2783 γονέας
984 2699 1018 2777 ἐς
1048 2694 1086 2764 τὸ

31 2836 57 2877 τε
71 2803 251 2892 δαιμόνιον
278 2800 427 2891 άνήπτον
445 2802 508 2892 τήν
535 2803 661 2892 φήμην,
689 2805 729 2892 νή
751 2803 827 2893 περὶ
846 2801 970 2883 αὐτοὺς
988 2799 1088 2892 ἀρετή

70 2910 291 3000 χαριζόμενοι.
332 2911 389 2978 καὶ
417 2906 459 2978 οὐ
486 2913 639 2979 πειστέον
658 2924 728 2991 τοῖς
754 2911 922 2996 λέγουσιν,
951 2902 996 2988 ῶς
1023 2905 1088 2996 άρα

141 3167 155 3214 1
180 3155 308 3229 ἐγγόνων
325 3159 362 3230 V]
388 3155 514 3229 ἐκγόνων
583 3167 599 3214 3
622 3156 723 3229 κριτής
745 3178 798 3213 om.
816 3157 845 3212 M
868 3164 897 3209 ot
920 3158 979 3212 edd.
1005 3173 1089 3225 span·

71 3231 201 3283 hemiana
220 3231 327 3297 priores
348 3229 353 3296 Ι
373 3223 485 3294 δικάζει
502 3231 546 3281 bis
563 3230 629 3292 VM,
649 3230 744 3281 sedin
763 3229 815 3280 hoe
835 3231 987 3278 correctum
1005 3242 1089 3277 manu

71 3299 198 3350 secunda
267 3292 468 3363 8ποιοάμεθα
487 3297 512 3348 V
563 3295 755 3362 θθαυμαστή
773 3293 807 3360 V]
826 3289 1004 3359 θαυμαστῶς
1055 3297 1088 3346 10

72 3357 136 3418 οὔτι
158 3363 196 3432 V]
221 3355 298 3418 οὔτε.
367 3367 496 3416 Imitatur
518 3364 663 3416 Platonem
685 3365 772 3429 Legg.
798 3364 810 3412 1
833 3360 917 3412 6420
988 3363 1019 3412 12
1043 3357 1088 3413 ἐ-

72 3451 158 3502 γονον
176 3431 214 3500 V]
236 3428 355 3500 ἔκγονον
425 3437 457 3484 15
475 3425 585 3499 φήμης]
626 3423 720 3498 νήμης
736 3432 765 3480 Μ
781 3429 785 3494 Ι
800 3424 833 3482 δέ
852 3421 945 3481 ἄλλων
962 3426 1033 3498 VM]
1054 3379 1089 3483 δδ

72 3499 130 3554 τῶν
148 3490 245 3553 ἄλλων
315 3502 346 3552 17
370 3498 416 3560 εἰς
433 3502 462 3550 Μ
531 3502 564 3551 26
583 3448 716 3566 λέήσυσιν
733 3495 801 3564 VM]
821 3493 935 3564 λέγουσι
