2446 3870
478 145 612 198 οοινιο
631 147 683 197 111
941 144 958 211 f
986 128 1038 160 ·'
1134 174 1135 177 ,

822 191 890 268 '⁶4
918 229 981 287 ιε·
1018 230 1031 266 =2
1060 264 1061 269 ι
1093 270 1096 273 ,

66 277 126 347 καί
155 272 219 344 οὐκ
247 275 432 362 ἐπιτρέπειν
458 275 504 340 τῶ
533 271 686 362 σώφρονι
712 275 807 362 κριτῇ
1024 312 1031 329 .
1072 321 1086 330 .

67 410 134 470 γον
162 383 268 470 ῥοπής
301 381 482 466 ἐπιστήσαι.
526 383 679 459 παιδείας
712 379 797 448 &W
777 406 874 448 ενεκα
905 383 962 449 καὶ
990 392 1086 469 φιλο-

69 493 194 575 σοφίας
226 488 397 555 πέπονθεν
430 483 523 572 οίμαι
550 487 616 553 νῦν
647 484 688 554 τά
714 488 773 572 τής
797 481 954 568 Ἑλλάδος
979 513 1086 577 παρα·
1117 565 1120 571 ,

68 593 215 682 πλήσιόν
242 619 273 661 τι
299 605 370 672 τοῖς
387 595 587 676 Ἀἰγυπτίοις
614 590 872 680 μυθολογήμασι
889 595 946 677 καὶ
965 593 1085 680 λόγοις.

39 704 207 786 ελέγουσι
244 696 308 787 γάρ
347 694 389 784 δή
426 698 482 765 καί
518 696 698 783 Αἰγύπτιοι
741 696 802 767 τὸν
838 706 965 768 Νεῖλον
1005 697 1089 788 παρ’
1123 726 1134 774 ζῑ

68 804 186 886 αᾶτοῖς
214 803 301 873 εἶναι
332 803 372 871 τά
400 800 429 870 τ’
459 800 542 871 ἄλλα
575 805 708 890 σωτῆρα
734 805 790 871 καὶ
822 802 1000 894 εὐεργέτην
1027 808 1085 894 τής
1103 831 1132 884 Β

66 913 180 1003 χώρας
216 913 272 979 καὶ
309 906 478 998 ἀπείργειν
519 905 634 988 αὐτοῖς
669 907 732 996 τήν
772 905 837 978 ὑπὸ
878 914 940 979 τοῦ
980 911 1086 999 πυρὸς

68 1017 226 1108 φθοράν,
259 1012 385 1085 ὁπόταν
416 1012 510 1102 ήλιος
537 1011 594 1082 διά
621 1016 758 1103 μακρῶν
789 1041 892 1084 τινων
918 1017 1086 1107 περιόδων

68 1125 206 1215 ἄστροις
232 1128 402 1210 γενναίοις
430 1118 608 1189 συνελθὼν
625 1115 646 1207 ή
666 1121 910 1209 συγγενόμενος
936 1123 1084 1211 ἐμπλήσῃ

30 1253 54 1292 10
67 1227 129 1301 τὸν
157 1227 240 1320 ἀέρα
268 1226 376 1318 πυρὸς
402 1229 459 1296 καὶ
477 1228 637 1314 ἐπιφλέγῃ
656 1224 696 1294 τά
724 1226 910 1315 σύμπαντα.
956 1226 997 1297 οὐ
1021 1227 1085 1318 γάρ

69 1337 189 1426 ἰσχύει,
218 1342 334 1422 φασίν,
364 1330 529 1421 ἀφανίσαι
548 1329 628 1401 οὐδὲ
647 1334 852 1413 ἐξαναλῶσαι
878 1338 940 1404 τοῦ
958 1342 1085 1404 Νείλου

67 1442 128 1525 τάς
154 1442 272 1528 πηγάς.
318 1438 446 1509 οᾶαουν
474 1435 555 1507 οὐδὲ
588 1439 621 1519 έξ
645 1434 814 1526 Ἑλλήνων
841 1444 1009 1522 παντελῶς
1037 1450 1084 1509 υί-

68 1554 161 1638 χεται
189 1553 385 1635 φιλοσοφία,
414 1542 494 1613 οὐδὲ
513 1544 643 1612 ἐπέλιπε
664 1542 723 1625 τάς
748 1544 891 1635 Ἀθήνας
920 1545 1001 1616 οὐδὲ
1023 1545 1131 1635 τήνα

69 1656 233 1745 Σπάρτην
261 1650 341 1721 οὐδὲ
373 1648 435 1738 τήν
462 1649 651 1739 Κόρινθον·
683 1647 800 1739 ἥκιστα
832 1654 872 1721 δέ
897 1655 966 1721 έστι
994 1652 1085 1742 (τρά-

32 1762 152 1850 ιιτῶν)
180 1762 249 1828 τῶν
276 1761 394 1846 πηγῶν
418 1759 507 1844 ἕκητι
525 1753 563 1824 τὸ
583 1753 704 1845 ’Ἁργος
721 1764 937 1840 πολυδίψιον·
965 1760 1085 1827 πολλαὶ

69 1868 132 1957 μὲν
159 1864 224 1955 γάρ
252 1867 290 1932 έν
317 1861 407 1955 αὐτῷ
435 1866 480 1954 τῶ
509 1859 610 1947 ἄστει,
638 1865 756 1931 πολλαὶ
785 1864 823 1932 δὲ
849 1867 904 1932 καλ
932 1862 996 1953 πρὸ
1024 1868 1086 1935 τοῦ

69 1973 187 2053 ἄστεος
213 1972 289 2060 περὶ
316 1968 376 2039 τὸν
408 1965 551 2038 παλαιόν
579 1969 708 2035 ἐκεῖνον
734 1969 894 2056 Μάσητα
921 1968 983 2055 τήν
1006 1979 1085 2038 Πει-
1124 2047 1127 2053 ,

69 2080 179 2170 ρήνην
207 2077 245 2146 δέ
263 2074 371 2165 αὐτήν
399 2071 576 2165 ὁΣιαυῶν
603 2077 669 2160 ἔχει
694 2078 750 2143 καὶ
775 2071 836 2163 οὐχ
864 2072 1085 2163 ήΚόρινθος.

68 2190 137 2256 τῶν
163 2182 319 2270 Ἀθηνῶν
347 2182 384 2250 δὲ
402 2179 507 2251 πολλὰ
535 2179 596 2267 μὲν
614 2180 669 2246 καὶ
688 2180 822 2271 καθαρὰ
842 2183 897 2249 καὶ
926 2181 1086 2271 ἐπιχώρια

35 2291 109 2361 ῖοτόι
137 2291 280 2378 νάματα,
309 2286 413 2358 πολλά
442 2286 479 2355 δὲ
508 2287 634 2366 ἔξωθεν
663 2287 791 2377 ἐπιρρεῖ
811 2291 867 2356 καὶ
895 2290 1085 2378 ἐπιφέρεται

68 2405 162 2486 τίμια
190 2398 258 2464 τῶν
286 2400 388 2463 ἔνδον
407 2390 448 2462 οὐ
476 2407 584 2479 μεῖον·
612 2395 648 2460 οί
673 2395 710 2463 δὲ
730 2391 883 2480 ἀγαπῶσι
910 2397 965 2463 καὶ
994 2396 1086 2481 στέρ-

68 2523 181 2591 γουσι,
209 2509 366 2570 πλουτεῖν
385 2501 558 2578 έθέλοντες
577 2488 618 2565 οὗ
637 2501 744 2584 μόνου
764 2500 886 2589 σχεδὸν
905 2497 923 2570 ὁ
942 2504 1085 2580 πλοῦτος
1104 2520 1134 2573 D

22 2632 24 2635 ·
71 2608 227 2698 ζηλωτόν.

146 2712 259 2801 Ἡμεῖς
296 2713 332 2782 δὲ
364 2718 400 2779 τί
433 2737 512 2780 ποτε
549 2708 613 2801 ἄρα
650 2712 881 2800 πεπόνθαμεν;
918 2716 974 2782 καὶ
1010 2720 1086 2782 τίνα

35 2826 134 2891 ’δυῶν
168 2825 397 2909 διαπεραίνειν
430 2816 571 2904 οἰόμεθα
603 2817 721 2906 λόγον,
759 2825 790 2887 εί
820 2817 864 2908 μή
897 2822 955 2906 τής
987 2827 1087 2906 φίλης

65 2923 224 3006 Ἑλλάδος
261 2931 400 2993 ἔπαινον
438 2923 471 3012 (,
503 2914 560 3012 ής)
598 2920 661 2996 οὐκ
698 2931 767 2993 ἔστι
806 2926 999 3012 μνησθέντα
1041 2922 1085 3012 μή

1204 1731 1211 1775 λ

136 3174 362 3246 2όοπής]Ἑ’.
345 3178 436 3259 ροπής
453 3177 519 3245 πέρι
589 3177 660 3232 6τιί
676 3200 692 3233 τ
696 3172 797 3231 ’ἄλλα
815 3179 883 3230 Rsk.
897 3184 925 3228 et
938 3176 975 3244 H]
994 3169 1089 3230 τᾶλλα

68 3238 172 3334 (τᾶλλα
191 3249 216 3300 V
299 3239 462 3312 θέμπλήση
482 3246 517 3313 V]
532 3241 692 3329 ἐμπλήσειε
762 3251 794 3298 10
812 3239 954 3325 έπεφλεγη
968 3243 1005 3311 Η]
1026 3241 1086 3298 ἐπι-

67 3314 173 3385 φλέγοι
197 3311 360 3396 (πιφλὲγει
378 3315 414 3379 V)
485 3318 516 3365 12
540 3309 646 3367 οόαονν
664 3311 703 3396 Η]
727 3300 853 3366 οὐλοόν
922 3316 954 3363 14
977 3307 1090 3366 τούτων

68 3387 131 3437 εδδ.
152 3385 222 3437 Rsk
293 3375 356 3434 18
343 3400 358 3434 ο
378 3376 495 3435 Σιννῶν
512 3377 585 3450 VM
605 3383 722 3434 Σικναν
780 3383 812 3431 22
830 3371 922 3445 μόνον
940 3377 976 3447 V]
996 3373 1087 3446 μόνον

66 3456 99 3506 25
123 3456 194 3504 Post
217 3449 419 3515 διαπεραίνειν
442 3452 498 3500 fort
488 3456 563 3503 tasse
568 3403 651 3502 ηδεῖν
676 3449 787 3500 excidit.
822 3448 917 3499 Malim
934 3465 1001 3501 vero
1019 3451 1089 3501 scri-

68 3523 136 3572 bere
155 3517 308 3584 περαίνειν
328 3509 530 3582 διανοούμεθα
574 3520 631 3626 λθ
649 3504 684 3582 ής
703 3517 764 3568 εδδ
768 3515 934 3617 Horkelius
