2416 3864
214 159 393 212 ωειευοτι
411 160 460 209 ευ
480 159 507 210 ε.
526 162 557 210 ε.
577 161 610 222 ο.
627 145 901 212 ετιῖιιυιιιαεοιι.
1013 161 1076 226 359

60 289 185 378 κύριος.
231 288 264 367 έξ
298 277 346 355 ῶν
379 281 396 354 δ
424 285 660 367 Κωνστάντιος
697 293 838 374 νομίσας
876 284 976 379 ὀλίγῳ
1014 288 1076 377 μέν

61 393 253 479 ἐπιδώσειν,
281 387 345 461 ούκ
372 396 420 472 είς
446 394 611 461 τοσοῦτον
638 391 676 460 δὲ
707 395 890 480 μεταβολῆς
917 389 1008 480 ἥξειν
1035 393 1076 462 τά

58 503 129 569 τῶν
147 501 283 568 Κελτῶν
309 497 495 585 πράγματα,
524 502 648 566 δίδωσί
671 525 728 587 μοι
746 501 815 567 τῶν
842 500 1076 587 στρατοπέδων

59 604 122 694 τῆν
149 601 332 693 ῆχεμονίαν
359 594 441 691 ῆρος
468 599 561 692 ἀρχῆ.
606 605 662 672 καὶ
690 603 856 694 στρατεύω
884 603 945 691 μὲν
972 601 1075 693 ἀκμά-

34 720 178 795 ιζοντος
202 713 265 779 νοῶ
294 716 400 795 σίτου,
428 712 561 778 πολλῶν
588 709 678 778 πάνν
707 713 889 800 Γερμανῶν
915 712 990 799 περὶ
1017 708 1077 792 τάς

58 818 318 905 πεπορθημένας
346 818 382 883 ἐν
400 821 539 895 Κελτοῖς
557 814 669 896 πόλεις
691 812 798 896 ἀδεῶς
814 816 1128 885 κατοικούντωνκῖι)

59 922 98 993 τὸ
127 923 189 1012 μὲν
208 913 272 991 οὖν
290 923 420 1009 πλῆθος
446 923 515 988 τῶν
532 920 663 990 πόλεων
680 923 778 990 πέντε
796 946 863 990 πον
886 922 942 991 καὶ
960 941 1075 990 τεσσα-

61 1026 208 1119 ράκοντά
227 1030 306 1114 ἐστι,
328 1032 419 1114 τείχη
437 1024 478 1094 τά
497 1016 729 1116 διηρπασμένα
753 1032 830 1116 δίχα
848 1031 916 1096 τῶν
934 1028 1074 1117 πύργων

61 1137 118 1205 καὶ
145 1138 214 1203 τῶν
242 1133 435 1202 ἐλασσόνων
453 1138 638 1222 φρουρίων.
677 1124 718 1221 ῆς
746 1130 811 1223 (δ’)
840 1135 996 1222 ἐνέμοντο
1016 1136 1077 1221 γῆς

20 1272 47 1312 ιο
62 1242 116 1311 ἐπὶ
143 1241 222 1310 τάδε
248 1242 310 1308 τοῶ
334 1234 454 1327 Ῥῆνον
474 1238 590 1332 ’πάσης
617 1242 653 1308 οί
677 1239 842 1328 βάρβαροι
869 1239 907 1308 τὸ
936 1242 1088 1327 μέγεθος

62 1344 192 1417 ὁπόσον
219 1343 284 1414 ἀπὸ
316 1347 386 1413 τῶν
412 1347 530 1432 πηγῶν
563 1341 677 1414 αὐτῶν
703 1343 887 1436 ἀρχόμενος
914 1343 990 1434 ἀχρι
1007 1349 1077 1414 ’τοῦ

60 1451 224 1522 Ὠκεανοῦ
261 1450 516 1539 περιλαμβάνει·
557 1451 730 1538 τριακόσια
768 1451 806 1520 δὲ
842 1449 980 1540 ἀπεῖχον
1020 1455 1079 1539 τῆς

61 1557 165 1650 ῆόνος
202 1558 263 1627 τοῦ
291 1553 411 1644 Ῥῆνον
448 1555 568 1625 στάδια
604 1560 640 1624 ὀί
669 1555 752 1646 πρὸς
787 1553 873 1646 ῆμάς
909 1561 1079 1637 οίκοῶντες

59 1670 206 1753 ῑέσχατοι,
234 1663 432 1761 τριπλάσιον
451 1661 489 1730 δὲ
506 1651 551 1752 ῆν
570 1667 617 1730 ἔτι
634 1661 757 1732 τούτου
780 1663 903 1744 πλάτος
920 1660 959 1731 τὸ
978 1682 1076 1732 κἀτα-
1091 1676 1114 1729 Β

20 1800 49 1842 ιτ
62 1764 204 1858 λειφθέν
223 1775 347 1859 ἔρημον
365 1763 431 1837 ἀπὸ
458 1770 517 1856 τῆς
535 1773 720 1855 λεηλασίας,
749 1773 833 1837 ἔνθα
858 1764 938 1837 οὐδέ
965 1769 1079 1856 νέμειν
1186 1839 1189 1842 ,

64 1879 142 1965 ἐξῆν
177 1890 248 1956 τοῖς
281 1880 418 1954 Κελτοῖς
455 1872 495 1942 τά
523 1873 731 1961 βοσκῆματα,
764 1875 820 1942 καὶ
853 1873 964 1954 πόλεις
991 1872 1079 1954 τινές

64 1989 182 2072 ἔρημοι
222 1984 290 2050 τῶν
326 1980 563 2064 ἐνοικούντων,
604 1974 657 2060 αἷς
695 1977 788 2048 ούπω
824 1978 1007 2071 παρῶκουν
1046 1983 1081 2047 οί

63 2086 239 2178 βάρβαροι.
286 2089 323 2154 ἐν
359 2085 490 2167 τούτοις
528 2076 635 2155 οὖσαν
671 2083 870 2173 καταλαβῶν
911 2083 975 2171 έχῶ
1016 2083 1079 2172 τῆν

66 2192 235 2264 Γαλατίαν
262 2192 361 2263 πόλιν
383 2219 418 2260 τε
437 2188 604 2278 ἀνέλαβον
630 2189 693 2279 τῆν
717 2188 935 2281 Ἀχριππίναν
962 2192 1015 2260 ἐπὶ
1033 2193 1079 2282 τῶ

20 2297 183 2392 ’ω’Ῥῆνω,
215 2297 280 2389 πρὸ
314 2301 432 2386 μηνῶν
464 2297 650 2366 έαλωκυῖάν
676 2323 743 2367 πον
771 2298 866 2384 δέκα,
893 2298 948 2367 καὶ
975 2311 1081 2383 τεῖχος

62 2405 263 2496 ’σίρχέυτορα
289 2395 444 2492 πλησίοῇ
459 2401 543 2492 πρὸς
574 2418 646 2484 ταῖς
677 2398 858 2492 ὑπωρείαις
886 2401 992 2473 αύτοῦ
1019 2405 1081 2472 τοῦ

65 2515 230 2599 Βοσέχου,
257 2512 313 2580 ’καὶ
341 2510 549 2598 έμαχεσάμην
578 2506 656 2598 (ούκ
674 2506 825 2600 ἀκλεῶς),
853 2519 934 2591 ἴσως
956 2511 1011 2578 καὶ
1035 2515 1116 2590 segc

65 2752 135 2794 των
162 2738 219 2813 μοι
246 2721 307 2793 τὸν
335 2723 472 2811 βασιλέα
490 2724 559 2790 τῶν
576 2728 744 2809 πολεμίων
771 2721 991 2810 αίχμάλωτου,
1020 2718 1082 2789 ούκ

24 2856 53 2897 ετ
68 2831 246 2918 ἐφθόνησα
274 2833 336 2899 τοῦ
362 2826 622 2917 κατορθώματος
640 2832 876 2919 Κωνσταντίφ.
921 2834 1029 2896 καίτοι
1053 2831 1084 2894 εί

67 2936 111 3026 μῆ
154 2935 377 3026 θριαμβεύειν
417 2935 514 3021 ἐξῆν,
556 2929 782 3019 ἀποσφάττειν
822 2931 883 3001 τὸν
924 2933 1083 3019 πολέμιον

138 3192 150 3239 1
172 3179 269 3254 όλίχῳ]
290 3179 412 3252 όλίχονῖ
481 3175 564 3250 8τά]
583 3198 614 3234 τε
633 3183 700 3238 Rsk.
769 3172 834 3233 (ιδ’
854 3181 918 3232 add.
937 3182 997 3232 Pet.
1052 3184 1083 3232 10

67 3247 117 3337 ξπλ
136 3247 208 3307 τῶδε
225 3252 294 3336 Pet3]
313 3246 433 3336 ssu't'wde
451 3253 484 3316 V,
510 3244 609 3328 έπςίτα
627 3244 661 3302 δὲ
679 3254 735 3315 pet.
777 3307 785 3328 ‚
821 3251 854 3299 13
872 3241 960 3329 ῆόυος
979 3245 1017 3315 Η]
1037 3240 1083 3312 ῆϊ-

67 3326 253 3455 ἓέολιιιιὲλ
273 3317 534 3454 ίέίβλλλλιῖἒλ]
549 3314 1083 3448 ίλλλλλιὲιςΑρλῗέξλλῖλτῗδῗ·

67 3454 97 3508 in
120 3464 178 3543 μοι.
203 3461 247 3573 estt
267 3430 385 3574 mega,
412 3455 489 3572 ὶρν
516 3468 630 3570 μετχοεε
656 3453 752 3572 ολχοτιιι
777 3420 886 3570 ’τιμίων
908 3456 1016 3502 tantum
1040 3418 1084 3501 οεό

76 3541 174 3590 ...ος,
193 3539 263 3575 sans
282 3541 314 3574 ce
377 3537 496 3587 ves1g1a
514 3536 564 3571 ver
584 3535 658 3571 orum
691 3535 745 3579 σως
763 3535 799 3571 κα
