2414 3862
135 145 200 211 574
437 144 581 196 mmm
597 143 846 196 mpssmoms

136 285 321 367 συνουσίας
336 275 520 367 ,ἀπέφηνας
546 276 628 367 ήμῑν
654 281 902 367 μετριωτέρους.
947 275 1035 348 ἀλλά
1060 284 1161 349 τοῦτο

137 387 199 476 μὲν
227 383 269 455 οὐ
290 383 374 453 κατὰ
396 386 448 470 σέ,
480 384 526 472 μά
548 383 628 465 τοὺς
651 384 769 470 θεούς,
802 383 883 454 οὐδὲ
905 385 990 454 κατὰ
1014 392 1162 474 μυρίους

137 492 273 578 ἄλλους,
310 490 384 560 ὅσοι
418 495 552 577 ζηλοῦσι
583 490 644 560 τὸν
675 490 739 559 σὸν
765 491 906 579 τρόπον·
947 493 1070 580 πέτραι
1098 491 1160 581 γὰρ

91 601 270 688 ιιιπέτραις
296 597 353 665 καὶ
380 603 474 667 λίθοι
501 604 613 677 λίθοις
639 598 946 687 προσαραττόμενοι
982 597 1048 668 οὐκ
1077 597 1161 686 όφε-

23 768 25 772 ,
136 708 235 774 λοῦσι
271 702 334 790 μὲν
365 699 544 789 ἀλλήλους,
581 701 600 772 ό
634 702 665 771 θ’
697 702 911 793 ἰσχυρότερος
941 703 1006 773 τὸν
1036 703 1183 793 ήττοναι

138 808 481 898 εόχερῶςσυντρίβει.
1056 876 1059 881 ,

118 972 120 978 .
220 908 301 1004 Ἀρα
333 913 379 1002 μὴ
406 918 610 996 Λακωνικῶς
637 919 742 984 ταῦτα
768 917 824 984 καὶ
852 918 1030 1006 συντόμως
1059 923 1159 1006 λόγως

93 1031 118 1085 Ι)
137 1019 209 1090 ἀλλ’
235 1019 299 1108 ἐγὼ
323 1021 385 1109 μὲν
408 1020 501 1109 οἶμαι
523 1027 716 1108 λαλίστερος
744 1021 800 1090 ἃιά
821 1023 866 1090 ,σε
887 1024 943 1092 καὶ
967 1029 1038 1094 τῶν
1060 1024 1156 1095 Ἀττι-

136 1132 206 1196 κεόν
232 1125 472 1215 ἀποπεφάνθαι
501 1132 667 1214 τεττίγων.
705 1125 790 1216 ὑπὲρ
816 1129 853 1197 δὲ
876 1121 926 1198 οἷν
952 1136 1001 1212 είς
1025 1133 1085 1220 ἐμὲ
1106 1159 1155 1201 πε-

136 1232 345 1325 παρῴνηκας,
364 1233 516 1321 ἐπιθήσω
535 1254 589 1303 σοι
604 1238 703 1321 δίκην
716 1233 780 1321 τήν
791 1236 999 1324 πρέπουσαν,
1019 1239 1155 1308 ἔθελόν·
1166 1267 1186 1306 ιο

136 1365 204 1406 των
230 1344 324 1408 θεῶν
349 1341 405 1408 καί
427 1344 487 1428 τής
510 1344 689 1428 δεσποίνης
708 1339 927 1430 Ἀδραστείας.
973 1351 1026 1425 τίς
1050 1338 1154 1434 οὖνή

129 1447 213 1533 1όίκη
239 1446 295 1513 καὶ
322 1452 358 1515 τί
381 1434 588 1535 μάλιστατὸ
616 1448 810 1536 δυνάμενόν
833 1469 897 1518 σου
918 1449 982 1538 τήν
1005 1457 1154 1538 γλῶτταν

135 1551 192 1619 καὶ
218 1553 281 1640 τήν
309 1554 466 1624 όιάνοιαν
490 1550 671 1641 όόννήσαις
708 1553 754 1635 ὡς
776 1555 930 1642 ἐλάχιστα
952 1558 1154 1647 πειράσομαι

137 1657 194 1727 ὃιά
220 1686 256 1729 τε
282 1665 351 1731 τῶν
377 1659 491 1748 λόγων
512 1660 569 1729 καὶ
592 1658 648 1728 διὰ
669 1664 739 1730 τῶν
761 1666 870 1750 ἔργων
893 1662 1090 1751 ἐξαμαρτὼν
1112 1665 1152 1752 μή
1178 1651 1179 1656 ¹

135 1769 366 1856 παρασχέσθαι
389 1787 453 1836 σου
474 1770 515 1856 τή
542 1765 717 1858 κακηγόρφ
744 1766 872 1857 γλώττη
895 1767 1026 1857 πολλήν
1050 1779 1182 1859 φλυα-ισ

136 1881 223 1961 ρίαν.
267 1879 375 1943 καίτοι
402 1899 443 1961 με
471 1871 512 1942 οὐ
535 1872 694 1959 λέληθεν,
724 1870 776 1941 ότι
798 1873 854 1945 καὶ
876 1878 935 1961 τής
955 1872 1152 1965 Ἀφροδίτης

136 1981 241 2068 φασὶν
263 1977 329 2049 ὑπὸ
351 2006 369 2048 τ
397 1983 411 1998 ”
434 1978 569 2066 Μιόμου
591 1978 766 2064 ἐσκοὸφθαι
788 1977 826 2047 τὸ
851 1979 1035 2052 σάνόαλον.
1079 1982 1149 2053 ἀλλ’

82 2083 218 2177 ιαοὸρᾷς
245 2084 296 2154 ὅτι
322 2093 385 2154 πολ
407 2112 428 2153 α
456 2085 512 2153 καὶ
540 2080 558 2152 ὁ
581 2086 712 2170 Μῶμος
739 2084 941 2172 ἐρρήγνυτο,
973 2089 1031 2155 καὶ
1060 2090 1152 2176 μόλις

136 2191 339 2280 ἐλαμβάνετο
363 2194 425 2260 τοῦ
440 2188 628 2275 ᾗσανδάλου.
673 2199 725 2276 είη
750 2189 787 2258 δὲ
810 2190 866 2257 καὶ
888 2190 926 2258 σὲ
948 2193 1025 2279 περὶ
1048 2199 1152 2265 ταῦτα

134 2299 336 2388 τριβόμενον
358 2298 585 2383 καταγηράσαι
611 2296 668 2363 καὶ
690 2298 752 2364 τοῦ
778 2299 937 2365 Τιθωνοῦ
960 2299 1152 2391 βαθύτερον
1161 2320 1181 2360 ιο

134 2407 190 2473 καὶ
225 2409 287 2474 τοῦ
318 2402 473 2491 Κινόρου
508 2400 758 2490 πλουσιώτερον
791 2403 847 2470 καὶ
878 2406 940 2471 τοῦ
973 2411 1151 2495 Σαρδανα-

134 2509 263 2579 πάλλου
284 2508 543 2598 τρυφηλότερον,
567 2506 656 2588 ὅπως
676 2507 716 2576 τὸ
739 2512 797 2596 τῆς
816 2516 997 2598 παροιμίας
1016 2514 1071 2581 ἐπὶ
1090 2519 1151 2585 σοῦ

133 2621 298 2708 πληρωθῇ
321 2617 386 2696 Δὶς
407 2618 523 2694 παῖδες
546 2616 581 2682 οί
601 2615 764 2702 γέροντες.

202 2745 311 2805 2κάτά
328 2765 360 2803 σε
378 2768 404 2814 v,
423 2766 495 2802 corr.
512 2750 616 2812 Heyler
658 2741 746 2802 4οόκ
765 2751 858 2802 om.A
900 2747 968 2804 ὅδὲ
988 2753 1012 2803 A
1030 2760 1058 2805 et
1075 2773 1101 2820 τ,
1120 2748 1148 2808 θ’

133 2823 188 2874 Pbi
234 2823 250 2872 5
267 2826 295 2871 et
312 2823 328 2871 6
346 2812 397 2871 τὸν
409 2809 518 2885 ἥττονα
531 2813 653 2884 εὐχερῶς
666 2818 812 2885 συντρίβει
820 2816 857 2885 A]
872 2819 1020 2886 συντρίβει
1034 2817 1088 2876 τόν
1100 2815 1149 2890 ήτ·

134 2906 205 2950 τονα
225 2880 257 2940 εό
279 2887 347 2968 ερῶς
383 2883 487 2952 ῗλέγω
506 2885 567 2940 add.
586 2884 687 2937 suidas
705 2900 730 2935 v.
740 2885 914 2946 Λακωνικός
948 2881 1052 2941 8ἀλλ’
1072 2891 1150 2944 deest

27 3022 29 3026 Ι
133 2958 218 3023 vulgo
233 2956 237 3021 Ι
253 2905 304 3009 όια
322 2969 353 3007 σε
371 2971 402 3017 v,
421 2969 491 3005 corr.
509 2954 591 3005 Hroh.
635 2944 742 3020 θόπὲρ
761 2951 793 3007 δὲ
813 2956 875 3031 βαι.
888 2951 935 3021 Pi]
955 2947 1031 3022 ὑπὲρ
1068 2962 1100 3010 12
1118 2952 1148 3011 τό

134 3015 481 3090 δυνάμενον-ἐλάχιστα
494 3023 598 3073 absunt
608 3019 692 3086 vulgo
728 3023 759 3071 14
777 3021 828 3074 δια
841 3021 959 3073 alterum
972 3025 1056 3076 abest
1067 3027 1148 3092 vulgo

135 3096 166 3144 15
184 3083 295 3161 γλόσυη
306 3093 331 3142 A
367 3082 448 3160 1716
467 3080 659 3208 σάνδαλονλέ]
677 3078 729 3167 ηὸν
742 3081 889 3141 σάνδαλον
924 3092 956 3141 19
969 3083 1148 3158 ἐλαμβάνετο

133 3161 175 3223 Η,
195 3159 264 3225 quod
281 3159 364 3212 Hroh.
383 3172 490 3223 quoque
502 3152 618 3222 mavult]
653 3155 783 3222 λαμβανε
799 3159 803 3218 Ι
818 3155 870 3208 καί
886 3172 918 3210 σε
936 3175 962 3221 v,
982 3162 1147 3213 eornflrch.

133 3231 167 3278 20
184 3223 462 3294 καταγηρᾶσαι-23
474 3220 607 3290 γέροντες
625 3225 673 3276 cit.
688 3225 788 3278 suidas
804 3243 830 3277 v.
843 3219 1062 3292 καταγηράσαις
1080 3237 1108 3280 ει
1120 3247 1145 3281 v.
1186 3226 1188 3229 ’

55 3290 67 3311 “
133 3290 389 3360 Σαρδαναπάλονς
406 3286 1147 3362 2οκαταγηρᾶσαιΗεο1ι]καταγηράναιΙβαθότερον

131 3363 156 3412 A
174 3358 256 3424 suia]
277 3353 437 3429 βαρότερόν
455 3377 486 3411 τε
532 3363 562 3410 21
584 3365 613 3438 εξ
630 3363 663 3410 22
683 3357 940 3426 Σαρδαναπάλλου
952 3361 1053 3429 Hrch.]
1072 3366 1146 3429 Σαρ·

133 3424 306 3481 σαναποίλου
328 3432 361 3480 22
369 3418 583 3495 τρυφηλότερον
596 3425 763 3495 οπωςβιιίᾱή
777 3420 994 3495 τρυφερώτερον
1007 3421 1085 3492 ὅπως
1097 3427 1146 3482 καί

134 3495 137 3560 λ
159 3496 210 3548 σοῦ
228 3500 251 3548 A
269 3503 297 3548 et
313 3493 344 3563 v]
364 3492 408 3546 σοὶ
427 3494 501 3550 said.
553 3497 586 3546 23
603 3495 671 3546 Ροεί
688 3491 823 3562 γέροντες
839 3499 864 3548 A
882 3496 957 3548 addit
975 3499 1069 3563 φασίν
1131 3555 1133 3559 ,
