2436 3870
134 132 198 196 376
438 130 584 183 Ιοουοο
605 114 854 182 ιεωεοετοιοε

136 286 203 328 που
236 256 273 328 τὸ
302 261 370 326 τών
402 254 596 346 ἀνθρώπων
628 257 824 345 βλαστήσειε
855 258 960 343 γένος.
1007 259 1068 326 καί
1098 255 1152 327 οὕ-

136 393 201 446 τως
229 355 293 432 οὖν
322 377 495 451 συγγενεῖς
519 362 684 449 γινόμεθα
710 362 842 449 πάντες,
871 368 902 431 εί
928 363 990 451 μὲν
1017 364 1052 445 ἐξ
1080 360 1152 444 ἑνὸς

137 472 192 539 καὶ
220 472 312 558 μιᾶς,
346 473 382 538 ἐκ
410 474 509 537 δυοῖν
538 464 737 556 ἀνθρώπων
770 465 864 550 ὅντες
892 472 927 537 οί
950 470 1071 538 πολλοὶ
1099 470 1151 538 καὶ

137 583 272 662 πολλαί,
311 575 362 666 (εἰ
396 574 469 663 δέ),
510 573 662 663 καθάπερ
700 578 736 642 οί
759 581 840 643 θεοί
877 596 961 662 φασι
998 576 1055 644 καὶ
1093 572 1151 664 χρὴ

136 682 305 751 πιστεύειν
333 680 651 771 ἐπιμαρτυρούντων
668 670 737 747 τών
756 685 875 769 ἔργων,
903 682 939 748 ἐκ
966 683 1036 748 τών
1063 684 1176 751 θεώνε

137 787 259 868 πάντες
291 785 473 874 γεγονότες.
520 783 571 854 ὅτι
603 784 641 853 δὲ
672 783 817 867 πολλοὺς
848 783 915 874 ἅμα
948 782 1153 876 ἀνθρώπους

98 894 298 980 Ογενέσθαι
325 906 488 981 μαρτυρεῖ
511 889 552 959 τά
580 896 677 980 ἔργα,
710 891 893 981 ῥηθήσεται
920 856 981 979 μάν
1009 888 1154 981 ἀλλαχοῦ

137 995 185 1067 δι’
217 996 402 1087 ἀκριβείας,
435 1000 585 1066 ἐνταῦθα
613 995 651 1065 δὲ
683 993 813 1086 ἀρκέσει
845 1000 1011 1066 τοσοῦτον
1040 1003 1153 1084 εἰπεῖν,

137 1100 184 1185 ώς
212 1106 245 1185 ἐξ
278 1103 354 1184 ἑνὸς
385 1102 446 1192 μὲν
478 1105 534 1170 καὶ
566 1105 644 1190 μιάς
676 1094 775 1171 οὖσιν
808 1100 886 1172 οότε
916 1101 997 1184 τοὺς
1028 1104 1154 1192 νόμους

137 1209 226 1291 είκὸς
253 1211 307 1278 ἐπὶ
335 1211 499 1277 τοσοῦτον
525 1208 731 1297 παραλλάξαι
758 1206 836 1277 οὔτε
864 1207 971 1290 άλλως
998 1207 1063 1297 τὴν
1091 1213 1154 1298 γῆν
1167 1240 1190 1279 ιο

136 1311 198 1400 ὑφ’
234 1313 309 1394 ἑνὸς
342 1315 575 1401 ἐμπλησθῆναι
607 1317 734 1400 πάσαν,
768 1311 848 1383 οόδδ
880 1320 911 1383 εί
942 1312 1011 1403 ἅμα
1049 1313 1154 1385 πολλὰ

135 1418 287 1508 καθάπερ
316 1424 354 1488 αί
380 1419 458 1500 σύες
477 1424 607 1488 ἔτικτον
634 1417 749 1501 αὐτοῖς
767 1425 805 1488 αί
830 1435 996 1507 γυναῖκες.
1027 1447 1153 1490 παντα-

102 1510 104 1516 ⁴
134 1526 198 1611 χοῦ
228 1523 272 1592 δὲ
304 1521 440 1613 ἀθρόως
471 1525 666 1594 νενσάντων
701 1529 809 1613 θεῶν,
841 1524 943 1616 όνπερ
975 1526 1104 1615 τρόπον
1137 1523 1153 1595 ὁ

136 1625 198 1718 εἷς,
238 1627 327 1699 οὕτω
366 1630 404 1700 δὲ
435 1631 491 1699 καὶ
524 1635 559 1700 οί
593 1637 728 1712 πλείους
763 1635 939 1722 προῆλθον
976 1630 1155 1722 άνθρωποι

91 1753 117 1805 D
135 1751 205 1819 τοῖς
232 1736 424 1826 γενεάρχαις
455 1748 550 1818 θεοῖς
577 1733 888 1826 ἀποκληρωθέντες,
921 1744 957 1808 οδ
981 1740 1038 1808 καὶ
1072 1765 1153 1829 προ·
1168 1769 1191 1808 15

135 1842 265 1929 η’γαγον
306 1840 457 1928 αὐτούς,
490 1839 556 1911 ἀπὸ
598 1846 659 1912 τοῦ
701 1847 910 1934 δημιουργοῦ
944 1841 1004 1926 τὰς
1045 1843 1155 1933 ψυχάς

136 1949 453 2037 παραλαμβάνοντες
481 1949 513 2029 ἐξ
542 1950 673 2030 αίώνος.

142 2066 145 2070 ’
214 2051 361 2124 Κάκεῖνο
390 2051 423 2123 δ’
455 2051 549 2136 ἀξιον
568 2056 709 2141 ἐννοεῖν,
738 2052 811 2124 ὅσοι
835 2053 925 2144 παρά
943 2058 1012 2125 τών
1031 2061 1154 2146 ἔμπρο-

136 2170 221 2229 σθεν
258 2157 447 2229 άνάλωνται
473 2159 574 2245 ’λόγοι
609 2161 684 2250 περὶ
720 2163 781 2229 τοῦ
819 2160 919 2248 φύσει
951 2160 1154 2232 κοινωνικόν

135 2263 221 2332 εἶναι
259 2268 344 2357 ζῷον
385 2264 446 2335 τὸν
487 2263 680 2355 ἀνθρωπον.
734 2261 828 2354 ἡμεῖς
870 2258 933 2335 οὖν
974 2271 1010 2335 οί
1047 2271 1192 2338 ταῦταιο

135 2370 285 2449 εἰπόντες
324 2372 379 2439 καλ
421 2372 632 2453 διατάξαντες
674 2368 909 2460 ἀκοινωνήτως
949 2371 1032 2460 πρὸς
1072 2372 1155 2454 τοδς

134 2481 279 2561 πλησίον
311 2478 443 2564 ἕξομενς
476 2479 513 2546 ἐκ
541 2476 584 2566 δὴ
611 2480 680 2546 τών
712 2477 875 2546 τοιούτων
908 2474 1005 2566 ἠθών
1032 2505 1068 2546 τε
1095 2481 1153 2549 καὶ

135 2581 406 2667 ἐπιτηδευμάτων
443 2585 580 2664 ἕκαστος
612 2580 708 2672 ἡμῶν
746 2580 939 2673 ὁρμώμενος
975 2581 1155 2672 εὐλαβείας

79 2688 199 2773 νοοτῆς
225 2691 273 2768 είς
299 2685 379 2768 τούς
396 2689 510 2776 θεούς,
537 2689 758 2778 χρηστότητος
775 2693 834 2777 τῆς
860 2684 910 2771 εἰς’
935 2686 1153 2779 ἀνθρώπους,

135 2787 270 2878 όιγνείας
302 2796 361 2882 τῆς
391 2797 467 2886 περὶ
499 2793 536 2863 τὸ
566 2797 675 2882 σώμα,
707 2793 747 2863 τά
774 2798 833 2883 τῆς
865 2792 1036 2882 εὐσεβείας
1069 2803 1192 2886 ἔργοιο

132 2899 329 2993 πληροότω,
370 2900 575 2988 πειρώμενος
611 2900 649 2968 δὲ
685 2897 741 2968 ἀεί
773 2904 804 2969 τι
840 2903 915 3037 περὶ
951 2905 1021 2969 τών
1058 2888 1153 2972 θὲών

217 3153 314 3202 2σῖ3
339 3146 366 3201 εί
382 3144 487 3216 μδν-
506 3165 588 3231 οντες
611 3156 641 3199 ut
665 3165 678 3200 ε
699 3152 760 3202 uria
782 3153 861 3203 οοοίε
884 3152 999 3203 inclusit
1015 3153 1152 3205 Petavius

130 3212 244 3268 4είδὲ
261 3218 325 3270 εδδ.
343 3167 401 3267 Ημ
457 3219 488 3268 11
517 3213 544 3268 εί
558 3207 631 3295 ἅμα]
655 3233 668 3269 ε
699 3215 786 3270 τέκνα
809 3209 893 3284 άμαλ
980 3221 1028 3270 12
1036 3218 1107 3300 σόες
1126 3223 1151 3271 V

85 3336 88 3337 γ
132 3287 164 3334 13
184 3278 339 3349 φυσώντων
359 3283 415 3348 (vel
435 3277 652 3349 φυτευσάντων)
670 3283 727 3335 τών
745 3285 825 3337 θεῶν
842 3287 870 3336 H
957 3278 1043 3338 18δ’
1064 3276 1150 3351 ἀξιον

131 3351 252 3417 Toupius
281 3352 316 3401 ad
342 3352 460 3431 Longin
481 3368 505 3416 p
528 3350 592 3418 347]
617 3347 716 3432 δεξιβν
749 3351 754 3418 Ι
786 3346 973 3437 ἐπίπροσθεν
987 3358 1044 3419 pet
1115 3358 1151 3406 20

132 3417 204 3480 ζωον
221 3414 469 3486 Ηοτλτελίοε]ζ
403 3436 435 3470 το
454 3417 527 3488 ζῷον
559 3418 569 3502 1
596 3411 688 3471 ταύτά
706 3419 773 3471 Rsk
843 3423 876 3472 24
895 3417 938 3480 είς
956 3411 1146 3489 ἀνθρώπους]

134 3469 176 3544 εἷς
199 3522 273 3537 .....
296 3493 352 3551 pet.
421 3489 453 3536 26
473 3471 515 3553 δὲ]
535 3482 603 3538 δεον
621 3491 688 3552 pet
707 3503 738 3538 τε
757 3487 824 3539 Rsk
