2416 3864
133 142 196 207 296
431 143 577 196 mmm
598 143 849 195 ιιιευιεενοειε

134 277 182 351 είς
219 276 319 361 ἔργον
355 267 471 358 ἤγετο·
507 267 548 339 τά
583 272 721 362 πατρῷα
761 267 825 359 γάρ
866 272 981 362 θηκτῷ
1023 271 1152 364 σιδήρῳ

137 377 368 464 διελάγχανον,
395 376 451 445 καὶ
478 367 522 463 ἦν
549 376 657 444 πάντα
675 373 837 464 ἀκοσμίας
863 375 985 466 πλήρη·
1013 382 1152 471 πατρῷα

134 483 197 571 μὲν
229 481 301 574 ίερδι
332 481 571 551 κατεσκάπτετο
603 480 694 571 παρὰ
724 484 793 550 τῶν
824 487 957 550 παίδων
989 479 1151 573 ὀλιγωρη-

134 591 239 658 θέντα
267 588 430 677 πρότερον
461 583 527 656 ύπὸ
559 590 621 656 τοῦ
652 584 777 676 πατρὸς
808 587 864 656 καί
892 584 1152 675 ἀποσυληθέντα

96 698 203 764 Οτῶν
235 691 477 782 ἀναθημάτων,
510 689 531 763 ἃ
557 694 686 762 τίθειτο
718 691 808 782 παρὰ
840 697 974 763 πολλῶν
1006 693 1070 782 μὲν
1097 697 1175 764 καὶε

87 819 90 828 ’
135 798 257 885 ἄλλων,
276 797 337 888 ούχ
356 797 474 888 ήκιστα
493 798 530 868 δὲ
547 801 618 891 τῶν
638 799 860 888 προπατόρων
879 796 994 868 αύτού.
1030 812 1151 871 καθαι-

136 908 312 994 ρουμένων
345 906 382 975 δὲ
413 908 481 974 τῶν
513 907 613 994 ίερῶν
650 903 897 997 άνμκοδομεῖτο
933 904 1059 975 παλαιά
1097 910 1152 976 καί

35 1070 41 1080 .
135 1015 196 1082 νέα
224 1012 388 1100 μνήματα,
415 1010 705 1102 προαγορεύοντος
727 1007 843 1092 αύτοῖς
869 1014 931 1080 τοῦ
959 1009 1152 1100 αὐτομάτου

135 1121 191 1187 καί
219 1121 277 1206 τής
303 1118 418 1206 τύχης,
452 1115 503 1186 ὅτι
531 1115 597 1207 άρα
622 1119 757 1186 πολλῶν
789 1114 904 1198 αύτοῖς
931 1117 1042 1206 δεήσει
1070 1147 1152 1208 μνη-

137 1225 250 1313 μάτων
269 1221 332 1293 ούκ
350 1228 397 1304 είς
415 1223 557 1311 μακράν,
585 1222 759 1310 ἐπειδήπερ
784 1220 898 1303 αύτοῖς
925 1219 1043 1310 ὀλίγον
1062 1231 1186 1314 ἔμελεν

135 1333 205 1397 τῶν
231 1331 333 1397 θεων.
370 1327 506 1396 πάντων
534 1319 597 1396 οὖν
621 1323 706 1415 ὁμοῦ
734 1329 937 1419 φυρομένων
954 1330 1011 1398 καὶ
1039 1332 1152 1411 ξυντε-

137 1435 311 1522 λουμίνων
343 1433 460 1520 γάμων
490 1434 553 1521 [τε]
583 1430 625 1503 ού
657 1433 773 1521 γάμων
805 1436 861 1504 καὶ
894 1439 1153 1524 βεβηλουμίνων

137 1536 225 1628 ὁμοῦ
255 1553 325 1621 τοῖς
357 1546 466 1620 θείοις
496 1542 565 1608 τῶν
598 1537 840 1629 ἀνθρωπίνων,
872 1539 933 1609 τὸν
960 1548 1030 1609 Δία
1064 1549 1154 1625 ἔλεος

102 1642 302 1734 θύπήλθεν·
330 1643 401 1715 είτα
428 1643 571 1726 ἀπιδὼν
587 1644 670 1736 πρὸς
696 1643 757 1714 τδν
776 1643 907 1716 Ἥλιον·
935 1638 976 1715 Ὦ
1003 1663 1079 1735 παῖ,
1108 1647 1152 1718 εί-

137 1778 214 1839 πεν,
252 1749 403 1843 ούρανοῦ
435 1752 491 1822 καί
528 1755 588 1842 γῆς
620 1749 837 1843 ἀρχαιότερον
874 1754 911 1820 ἐν
942 1763 1037 1834 θεοῖς
1074 1754 1186 1842 {itai-1⁵

138 1878 257 1948 στημα,
286 1872 504 1947 μνησικακεῖν
532 1864 579 1927 ἔτι
607 1859 728 1947 διανοῇ
755 1861 814 1946 τῆς
840 1853 1026 1948 ὑπεροψίας
1053 1857 1153 1950 άνδρὶ

137 1961 282 2034 αὐθάδει
309 1967 366 2034 καὶ
392 1966 557 2056 τολμηρῷ,
585 1957 623 2045 ὅς
650 1984 687 2033 σε
716 1960 889 2032 ἀπολιπὼν
917 1960 1008 2056 αύτῷ
1035 1991 1071 2034 τε
1098 1969 1153 2035 καὶ

137 2073 227 2157 γένει
267 2073 323 2140 καὶ
364 2071 481 2139 παισὶν
522 2079 627 2152 αίτιος
668 2071 797 2156 ἐγένετο
838 2071 906 2138 τῶν
946 2072 1153 2157 τηλικούτων

137 2177 362 2264 παθημάτων;
401 2172 422 2264 ή
459 2183 616 2263 νομίζεις,
654 2173 704 2245 ὅτι
741 2174 786 2263 μή
818 2181 1027 2262 χαλεπαίνεις
1064 2175 1154 2269 αύτῷ

82 2279 222 2369 νενμηδ
254 2278 450 2367 άγανακτεῖς
477 2279 555 2369 μηδ’
586 2283 638 2350 ἐπὶ
670 2279 707 2351 τὸ
736 2283 834 2368 γένος
865 2279 971 2351 αὐτοῦ
991 2280 1079 2364 ’τούς
1106 2289 1190 2353 οί-εο

139 2385 239 2467 στούς
265 2387 393 2473 θήγεις,
422 2393 559 2454 ἔλαττον
586 2385 673 2455 εἶναι
700 2387 822 2474 ταύτης
849 2397 954 2468 αίτιος
981 2385 1073 2481 αύτῷ
1096 2392 1155 2478 τής

138 2494 328 2581 ξυμφορᾶς,
365 2497 490 2581 ἔρημον
528 2489 634 2561 αύτού
669 2491 732 2581 τήν
769 2498 880 2562 οίκίαν
916 2491 1028 2580 άφείςς
1067 2492 1154 2581 ἀλλ’,

139 2605 218 2686 ἔφη,
245 2599 397 2686 καλῶμεν
424 2595 482 2679 τάς
505 2604 650 2689 Μοίρας,
678 2607 712 2668 εί
734 2624 780 2687 πη
808 2601 994 2686 βοηθητίος
1022 2595 1040 2668 ὁ
1069 2598 1155 2690 ιἰνήρ

54 2752 56 2754 ψ
138 2706 237 2772 ἐστιν.
284 2707 322 2771 αί
348 2703 385 2772 δὲ
411 2699 609 2793 ὑπήκουσαν
637 2702 756 2773 αύτίκα
782 2707 829 2796 τῷ
857 2711 926 2774 Διί.
962 2706 1019 2773 καὶ
1047 2701 1066 2774 ὁ
1095 2706 1156 2794 μὲν

225 2857 237 2905 1
266 2851 367 2921 θηκτῷ
394 2852 591 2920 Ρεῖμεμεοῖι]
618 2852 727 2921 θνητῷ.
764 2852 878 2920 Spectat
904 2855 970 2905 Eur.
994 2854 1098 2906 Phoen.
1123 2857 1155 2907 61

876 2937 895 2972 οι

63 3021 65 3023 -
138 2985 293 3056 ῖιτέθειτο]
307 2989 390 3038 Immo
404 2979 536 3040 ίτέθειτο
582 2991 670 3040 9et10
688 2983 843 3055 μνημάτων
863 2981 961 3055 δεήσει
979 2989 1004 3040 V
1069 2993 1100 3041 12
1124 3005 1156 3042 τε

139 3058 253 3108 inclusit
269 3057 297 3109 Η
367 3058 398 3106 13
417 3053 514 3115 θείοις
532 3056 593 3109 Pet.
611 3055 687 3120 (nam
705 3054 796 3106 θείων
811 3057 974 3121 typothetae
993 3061 1036 3129 pst
1053 3053 1156 3123 πνοιή]

138 3125 224 3184 θεοῖς
293 3125 325 3174 15
348 3115 541 3188 ἀρχαιότατον
563 3123 631 3173 Rsk.
703 3125 734 3174 17
757 3114 907 3174 άπολιπιδν
930 3121 1011 3189 Cot]
1036 3118 1155 3177 ἀπολεί-

137 3207 199 3242 πων
223 3189 227 3256 Ι
252 3182 330 3243 αύτῶ
349 3188 385 3258 V]
406 3180 485 3259 αύτῷ
555 3192 587 3241 19
605 3181 656 3256 μή]
675 3204 724 3256 μοι
741 3194 796 3255 pet.
867 3193 900 3242 20
922 3184 1037 3251 οἰστούς
1054 3190 1093 3258 H]
1113 3186 1156 3243 δῖ-

138 3251 224 3318 στούς
292 3260 324 3308 21
344 3251 421 3310 εἶναι
439 3250 545 3324 ταύτης
564 3255 657 3309 αίτιον
677 3249 767 3310 αύτοῦ
785 3258 896 3323 spanh.,
917 3253 993 3310 εἶναι
1011 3251 1051 3325 μή
1076 3274 1151 3312 ..ε..

138 3325 236 3377 αίτιοκ
255 3316 345 3377 αύτού
362 3330 433 3392 pet,
453 3319 530 3378 εἶναι
551 3362 575 3376 ..
598 3340 629 3376 τε
648 3323 744 3376 αίτιον
762 3319 854 3376 αύτού
871 3328 910 3390 V,
929 3324 1023 3386 αίτιος
1042 3326 1109 3379 Rsk.
1128 3331 1158 3376 et

137 3395 177 3456 H,
203 3387 281 3460 αύτῷ
303 3393 339 3447 Η.
374 3393 429 3444 Sed
452 3394 545 3444 nescio
569 3408 605 3443 an
626 3392 774 3456 legendum
796 3394 834 3442 sit
857 3387 933 3444 εἶναι
952 3385 1043 3460 τούτῳ
1061 3409 1094 3460 γε
1112 3391 1156 3445 αί-

136 3476 197 3519 τιος
222 3453 312 3524 αύτῷ,
341 3466 373 3511 ut
395 3450 482 3525 ιἰφελς
507 3475 556 3526 pro
585 3461 735 3526 epexegesi
761 3460 797 3510 ad
819 3455 910 3530 τούτῳ
937 3461 1094 3512 habendum
1118 3463 1156 3510 sit

137 3529 172 3576 24
189 3519 267 3578 ἔστιν
286 3524 323 3593 V]
343 3520 402 3578 ἔστι
