2446 3870
126 193 188 258 268
426 195 570 247 IULIANI
590 195 840 248 IMPERATORIS
925 210 928 216 ·
1007 268 1010 278 ι

126 321 348 410 μυθησωνται
366 319 403 390 τὸ
421 321 543 406 πάθος,
571 318 659 390 οὕτω
679 321 716 391 δὲ
734 324 790 392 καὶ
810 314 904 391 οὗτοι
921 324 967 413 τῷ
986 329 1143 414 ψυχαρίςο

126 430 374 522 πτεροφνοῦντι
402 429 458 496 καὶ
490 431 658 497 ποθοῦντι
685 433 787 499 πλέον
814 432 940 498 είδίναι
969 455 1014 512 τι,
1048 429 1143 498 διδά-

127 546 268 605 σκεσθαι
287 533 325 603 δὲ
343 532 437 603 ούπω
455 531 586 622 τάληθη
606 538 783 627 δυναμένῳ
802 538 906 604 ταῦτα
926 534 1145 621 ἐποχετεύειν,

128 641 239 730 ῶσπερ
267 637 426 729 άρδοντες
453 639 605 729 άρουραν
633 645 798 724 διψῶσαν,
825 645 883 709 ἵνα
901 639 943 729 δὴ
973 639 1065 729 οἶμαι
1085 639 1146 710 αύ-

127 752 196 819 τῶν
230 746 292 816 τὸν
324 747 552 835 γαργαλισμόν
588 749 644 817 καὶ
676 747 740 838 τὴν
778 746 908 835 ὀδύνην
945 748 1173 835 παραμυθησ

129 877 262 925 σωνται.
830 938 833 944 ⁴
1032 921 1041 928 ,

76 984 128 1033 207
214 963 283 1030 Τοῦ
315 959 353 1030 δὲ
384 960 544 1031 τοιούτου
578 966 826 1050 προβαίνοντος
863 962 919 1030 καὶ
952 959 1042 1048 παρὰ
1079 975 1149 1041 τοῖς

122 1065 280 1156 Ἕλλησιν
298 1063 569 1154 εὐδοκιμοῦντος,
597 1073 756 1136 εἵλκυσαν
775 1069 934 1136 ἐντεῦθεν
954 1071 990 1135 οί
1014 1068 1150 1154 ποιηταὶ

129 1173 190 1244 τὸν
218 1172 328 1257 αἶνον,
357 1169 395 1252 ὃς
420 1176 483 1241 τοῦ
511 1173 625 1260 μύθου
654 1176 806 1261 διαφέρει
823 1177 870 1265 τῷ
898 1171 942 1261 μη
970 1171 1054 1261 πρὸς
1073 1188 1150 1241 παῖ-

131 1286 204 1365 δας,
230 1276 315 1348 άλλά
342 1275 439 1366 πρὸς
453 1275 581 1366 άνδρας
608 1282 815 1367 πεποιῆσθαι
834 1281 890 1349 καὶ
918 1278 963 1367 μὴ
990 1293 1149 1367 ψυχαγω-
1164 1313 1188 1352 ιο

131 1392 209 1472 γίαν
237 1384 360 1471 μόνον,
393 1380 476 1452 άλλά
502 1385 559 1452 καὶ
591 1391 790 1474 παραίνεσιν
819 1386 914 1475 ἔχειν
935 1384 1019 1455 τινά.
1067 1386 1150 1473 βού-

131 1501 221 1561 λεται
249 1488 313 1577 γάρ
341 1489 623 1579 ἐπικρυπτόμενος
640 1508 818 1582 παραινεῖν
836 1520 871 1562 τε
889 1493 945 1561 καὶ
965 1492 1151 1577 διδάσκειν,

131 1595 214 1666 ὅταν
251 1593 268 1665 ὁ
305 1597 413 1680 λέγων
450 1594 489 1664 τὸ
522 1602 678 1689 φανερῶς
714 1605 820 1668 εἰπεῖν
857 1597 1053 1687 εύλαβῆται,
1090 1597 1152 1686 την

95 1703 223 1791 Βπαρδι
250 1706 318 1772 τῶν
346 1699 542 1773 ἀκουόντων
573 1701 794 1793 ὑφορώμενος
821 1703 1012 1794 άπέχθειαν.
1060 1702 1149 1773 οὕτω

133 1837 184 1879 τοι
219 1811 276 1879 καὶ
309 1805 464 1891 Ἡσίοδος
500 1807 582 1880 αύτὸ
625 1818 781 1899 φαίνεται
821 1811 1019 1900 πεποιηκώς·
1057 1807 1076 1880 ὁ
1115 1811 1152 1879 δὲ
1165 1842 1188 1882 15

134 1915 214 2004 μετά
240 1919 364 1988 τοῦτον
389 1913 577 2006 Ἀρχίλοχος
605 1915 715 2005 ῶσπερ
748 1915 885 2007 ἥδυσμά
911 1946 943 1985 τι
970 1919 1153 2006 περιτιθεὶς

133 2027 173 2112 τῇ
205 2023 351 2112 ποιήσει,
383 2023 508 2110 μύθοις
541 2021 642 2115 (οὐκ)
676 2021 823 2110 ὀλιγάκις
855 2024 1015 2113 ἐχρήσατο
1050 2020 1152 2112 ὁρῶν,

135 2127 180 2212 ῶς
207 2131 311 2215 είκός,
338 2125 400 2217 τὴν
427 2129 488 2217 μὲν
515 2126 696 2217 ύπόθεσιν,
728 2127 773 2218 ἣν
801 2131 925 2220 μετῄει,
953 2133 1011 2218 τῆς
1037 2128 1152 2198 τοιαύ-

134 2265 193 2325 της
219 2241 435 2322 ψυχαγωγίας
453 2237 576 2316 ἐνδεῶς
602 2242 757 2324 ἔχουσαν,
785 2241 903 2324 σαφῶς
922 2235 960 2304 δὲ
987 2235 1153 2322 ἐγνωκῶς,

136 2341 186 2410 ὅτι
214 2344 393 2428 στερομένη
415 2340 537 2427 μύθου
568 2350 701 2430 ποίησις
729 2346 883 2412 ίποκοιία
914 2342 1023 2430 μόνον
1050 2345 1153 2427 ἐστίν,
1166 2375 1192 2414 ιο

136 2449 306 2536 ἐστέρηται
334 2448 387 2532 δέ,
420 2442 465 2528 ῶς
492 2443 535 2516 άν
563 2458 649 2519 είποι
676 2477 741 2535 τις,
775 2452 909 2537 ἑαυτῆς,
942 2446 984 2518 ού
1012 2446 1077 2537 γάρ
1105 2454 1154 2524 ἔτι,

136 2560 281 2623 λείπεται
309 2559 457 2642 ποίησις,
485 2550 661 2643 ἡδύσματα
688 2559 794 2625 ταῦτα
820 2553 911 2644 παρά
938 2541 996 2642 της
1024 2580 1153 2641 ποιητι-

101 2662 196 2748 Οκῦς
222 2658 368 2747 Μούσης
395 2662 567 2749 ἐδρέψατο,
595 2663 651 2730 καὶ
678 2664 851 2750 παρέθηκέ
876 2688 913 2746 γε
941 2658 1047 2730 αὐτοῦ
1074 2661 1153 2729 τού-

135 2793 197 2836 του
225 2765 339 2854 χάριν,
368 2764 459 2848 ὅπως
485 2765 529 2856 μὴ
559 2769 783 2857 σιλλογράφος
809 2795 874 2852 τις,
902 2764 985 2836 άλλά
1014 2765 1154 2854 ποιητὴς

219 3028 316 3078 4et5
339 3016 435 3075 αὐτῶν
458 3017 509 3075 τὸν
531 3019 726 3092 γαργαλισμδν
744 3025 784 3110 Υ]
806 3019 858 3077 τὸν
879 3017 1077 3106 γαργαλισμδν
1100 3017 1154 3076 ab:

135 3094 193 3145 τῶν
261 3097 278 3144 9
300 3090 401 3142 Suidas
419 3108 446 3142 v.
467 3087 562 3152 αἷνοςε
587 3088 669 3153 αίνος
693 3093 830 3159 διαφερει
847 3095 946 3158 μυθου
964 3093 1003 3162 τῷ
1022 3087 1062 3160 μὴ
1082 3089 1154 3159 πρὸς

135 3159 246 3219 παῖδας
264 3187 297 3196 -
315 3154 481 3211 διδάσκειν·
507 3150 578 3223 ὅπερ
596 3157 646 3212 καὶ
665 3154 800 3221 Ἡσίοδος
823 3162 962 3224 φαίνεται
979 3157 1154 3226 πεποιηκώς.

136 3229 242 3279 Eadem
261 3230 383 3293 repetita
400 3234 465 3278 sunt
482 3242 508 3278 v.
528 3227 625 3293 μῦθος
712 3233 743 3279 10
766 3228 957 3296 ψυχαγωγίαν
976 3230 1002 3278 Η
1026 3235 1055 3279 et
1074 3224 1154 3294 Θου]

135 3290 207 3361 πρὸς
229 3293 421 3362 ψυχαγωγίαν
509 3297 540 3345 12
563 3292 607 3362 τε]
632 3314 659 3346 τι
678 3295 752 3351 Suid.
842 3300 872 3346 1⁷
897 3287 950 3347 ούκ
969 3295 1031 3346 εδδ.
1050 3296 1085 3346 Η.
1118 3295 1154 3349 cf.

136 3368 186 3414 227
198 3365 222 3414 Α
241 3370 269 3413 et
287 3363 389 3428 Bergk.
409 3364 488 3413 Poet.
506 3363 556 3427 lyr.
575 3362 621 3414 Gr.
648 3380 674 3429 p.
693 3367 744 3415 555
763 3365 807 3415 ed.
827 3365 875 3414 alt.
962 3367 996 3415 20
1018 3357 1098 3414 ἐστίν
1117 3361 1152 3428 V]

136 3425 204 3485 ἐστί.
240 3431 387 3481 Platonem
413 3431 537 3480 imitatur
565 3431 705 3484 Phaedon.
733 3433 801 3482 6113
893 3433 926 3481 22
952 3423 1072 3496 ἡδύσμα
1097 3436 1154 3496 pet.

133 3503 168 3578 22}
196 3489 289 3615 οἷοί)
316 3499 343 3551 J.
367 3499 526 3562 Leopardus
553 3498 639 3560 (Mus.
666 3500 789 3554 Rhenan.
813 3500 855 3550 III
880 3516 907 3564 p.
928 3501 986 3565 11),
1015 3490 1106 3557 αύτδς
1129 3515 1154 3560 v,

119 3581 204 3614 αντα
246 3580 262 3615 ε
284 3603 291 3618 .
910 3578 912 3583 ’
