2446 3870
485 136 622 188 οιιιτιο
640 138 677 189 11.
1045 134 1087 199 93

69 264 258 355 ἐσρεόντων
284 265 444 351 ποταμῶν
470 269 617 354 μυρίων,
645 269 681 332 οἳ
706 266 864 333 ποιοῦσιν
881 266 955 346 ἕλος
983 284 1085 354 προσ·

68 370 177 451 εοιιιὸς
208 385 281 450 τοῖς
307 375 505 456 Αἰγυπτίοις
536 372 638 457 ἕλεσι,
665 368 703 438 τὸ
732 369 864 457 ξύμπαν
890 374 949 458 τῆς
975 374 1086 460 ἐκείνη

68 477 238 564 θαλάττης
277 478 381 566 πέρας
420 474 577 564 βασιλεὺς
621 471 687 546 ὑπὸ
729 482 852 564 σοφίας
892 482 988 564 ἔλαβε
1028 480 1085 546 καί

69 584 228 671 ἐβιάσατο
260 580 324 670 τὴν
355 579 492 651 ἀνοδον.
537 585 594 651 καλ
621 587 677 651 ἵνα
709 581 753 672 μὴ
782 589 967 674 διατρίβειν
995 587 1084 654 δοκῶ

43 681 174 770 οαύθίς
199 715 235 758 τε
262 684 348 778 ὑπὲρ
375 691 443 757 τῶν
470 692 667 779 δυσχωριῶν
694 690 938 779 διαλεγόμενος,
966 692 1022 760 καὶ
1041 685 1086 772 ὡς

68 794 149 866 ούτε
177 795 405 885 στρατόπεδον
422 786 466 882 ἦν
484 791 566 865 οὐδὲ
593 795 721 886 χάρακα
744 803 888 884 πλησίον
905 798 1085 885 καταβαλὲ·

68 913 164 988 σθαι,
192 899 270 971 οὔτε
302 901 437 989 ἐπάγειν
468 900 618 990 μηχανὰς
644 904 700 972 καὶ
728 902 905 990 ἑλεπόλεις,
932 899 1086 994 ἀνύδρου

69 1012 192 1090 δεινῶς
220 1004 319 1090 όντος
349 1010 406 1078 καὶ
433 1005 515 1077 οὐδὲ
546 1005 665 1097 μικράς
696 1008 837 1096 λιβάδας
864 1014 998 1097 ἔχοντος
1024 1012 1086 1079 τού

68 1115 166 1206 πέριξ
198 1121 341 1205 χωρίου,
374 1112 424 1184 ἐπ’
454 1111 562 1205 αὐτὴν
588 1113 656 1203 εἶμι
686 1113 750 1203 τὴν
781 1118 920 1205 αἵρεσιν.
969 1118 1026 1185 καὶ
1058 1121 1090 1185 εί
1107 1134 1141 1182 73

35 1223 239 1310 ιιβούλεσθε
274 1220 312 1291 τό
349 1221 533 1309 κεφάλαιον
573 1218 709 1312 ἀθρόως
745 1223 831 1291 ἑλεῖν
870 1225 933 1291 τοῦ
973 1223 1089 1309 λόγου,

69 1325 313 1417 ύπομνήσθητε
343 1331 403 1416 τῆς
431 1331 494 1396 τοῦ
525 1328 725 1411 Μακεδόνος
761 1330 814 1398 ἐπὶ
850 1326 931 1410 τούς
961 1326 1089 1410 Ἰνδοὲς

70 1442 225 1524 πορείας,
256 1441 294 1504 οἳ
325 1432 389 1523 τὴν
423 1435 548 1524 πέτραν
575 1438 707 1524 ἐκείνην
732 1435 922 1528 κατῴκουν,
954 1433 1010 1523 ἐφ’
1045 1431 1089 1525 ἣν

73 1539 155 1610 οὐδὲ
186 1543 255 1609 τῶν
287 1537 439 1631 ὀρνίθων
464 1531 509 1628 ἦν
539 1556 609 1622 τοῖς
640 1542 862 1630 κουφοτάτοις
889 1538 1088 1631 ἀναπτῆναι,

73 1645 164 1728 όπως
197 1647 298 1733 ἑάλω,
329 1649 384 1717 καὶ
417 1643 521 1717 ούδδν
551 1649 654 1717 πλέον
682 1645 820 1718 ἀκούειν
852 1648 1087 1736 ἐπνθυμήσετε·

41 1751 163 1842 τεπλὴν
189 1756 354 1823 τοσοῦτον
380 1753 504 1842 μόνον,
537 1751 589 1824 ότι
614 1751 829 1845 Ἀλέξανδρος
855 1753 917 1842 μὲν
944 1751 1088 1842 ἀπέβαλε

73 1859 219 1941 πολλοὺς
246 1860 448 1941 Μακεδόνας
480 1857 601 1941 ἐξελάαν
631 1858 694 1948 τὴν
726 1863 865 1950 πέτραν,
899 1856 917 1928 ὁ
945 1859 983 1930 δὲ
1009 1855 1088 1947 ἡμέ-

73 1994 168 2054 τερος
196 1963 309 2055 ἄρχων
335 1968 393 2036 καὶ
411 1963 596 2056 στρατηγὸς
615 1962 696 2035 οὐδὲ
718 1971 890 2056 χιλίαρχον
908 1962 1089 2050 ἀποβαλὼν

74 2069 95 2162 ἢ
128 2072 276 2160 λοχαγόν
306 2100 398 2160 τινα,
433 2068 507 2142 ἀλλ’
536 2069 617 2143 οόδὲ
649 2067 789 2158 ὁπλίτην
819 2073 889 2139 τῶν
921 2072 957 2139 ἐκ
989 2083 1129 2138 κατα-Β

73 2180 190 2267 λόγου,
208 2178 366 2269 καθαράν
384 2181 440 2248 καὶ
459 2176 612 2268 ἄδακρυν
630 2177 883 2269 περιεποιήσατο
901 2173 964 2266 τὴν
982 2181 1089 2263 νίκην.

42 2283 196 2375 ιοἝιιτωρ
224 2284 262 2354 δὲ
290 2284 383 2374 οἶμαι
409 2286 465 2355 καὶ
483 2281 677 2375 Σαρπηδὼν
703 2282 849 2365 πολλοὺς
876 2286 912 2353 ἑκ
938 2287 1000 2354 τοῦ
1026 2310 1090 2352 τει-

73 2401 234 2482 χίσματος
261 2398 399 2480 ἔβαλον,
432 2391 625 2480 ἐντυχόντες
657 2390 694 2460 δὲ
721 2388 932 2480 ἀριστεύοντι
958 2389 1091 2479 Πατρό-

74 2508 143 2592 κλῳ
172 2493 191 2566 ό
224 2498 286 2586 μὲν
319 2500 372 2568 ἐπὶ
403 2501 471 2566 τῶν
503 2501 591 2567 νεῶν
622 2503 798 2584 κτείνεται,
831 2493 849 2566 ό
883 2496 921 2566 δὲ
947 2503 1092 2584 ἔφευγεν

74 2607 222 2694 αἰσχρῶς
248 2600 329 2673 οὐδὲ
356 2601 557 2693 ἀνελόμενος
573 2602 612 2673 τὸ
632 2605 728 2691 σῶμα
750 2605 811 2671 τοί
830 2609 942 2691 φίλου.
983 2599 1091 2682 οὕτως

75 2709 193 2781 οὐδενί
223 2707 284 2790 ξὺν
310 2714 377 2802 νῷ,
404 2709 498 2800 ῥύμη
518 2710 701 2799 δὲμᾶλλον
728 2708 892 2797 σωμάτων
918 2707 1090 2799 θρασυνό-
1124 2734 1130 2761 1

40 2845 173 2906 ιιμενοι
204 2813 267 2904 τὴν
294 2819 328 2898 ἐς
354 2815 392 2885 τὸ
420 2831 526 2904 τεῖχος
556 2816 708 2904 πάροδον
735 2815 891 2904 ἐτόλμων.
936 2811 1093 2901 βασιλεὺς

76 2923 113 2993 δὲ
141 2913 185 2992 οὗ
212 2922 275 3010 μὲν
302 2919 405 3011 ἀλκῆς
431 2928 532 3013 ἔργον
558 2924 628 2991 ἐστὶ
650 2923 708 2991 καὶ
734 2925 851 3011 θυμοῦ
877 2923 994 3011 χρῆται
1021 2933 1093 3000 τοῖς

146 3182 160 3229 1
186 3170 343 3241 ἑορεόντοον
360 3177 428 3244 VM]
449 3171 615 3244 είορεόντων
684 3182 699 3229 2
722 3170 819 3253 ἐκείνη
838 3174 876 3242 Μ]
895 3166 1008 3238 ἐκείνης
1077 3177 1093 3224 ‘1

76 3238 227 3305 ἑλεπόλεις
255 3246 279 3296 V
361 3250 390 3296 11
418 3239 626 3313 όπομνήοθητε
654 3244 727 3310 VM]
752 3242 960 3309 υπομνηοθητε
986 3242 992 3307 Ι
1018 3237 1094 3294 ίνδι·

76 3310 149 3374 τούς
167 3314 193 3364 V
263 3316 296 3364 14
313 3305 403 3366 ούδλν
420 3311 457 3381 V]
477 3305 547 3366 ούδὲ
617 3316 649 3364 16
671 3303 837 3379 μακιδόνας
854 3307 891 3428 U
911 3303 1094 3362 Μακεδόνων

77 3386 111 3434 18
129 3379 199 3448 τῶν]
219 3377 270 3432 τόν
288 3381 313 3432 V
365 3384 398 3432 19
415 3375 469 3449 τὴν
487 3380 574 3444 δίκην
592 3381 617 3431 V
672 3382 704 3430 21
725 3375 847 3444 ἔβαλλον
891 3415 897 3428 .
927 3378 994 3429 Βτίι.
1013 3378 1095 3428 malit

76 3448 241 3515 κατέβαλον
309 3452 343 3499 24
364 3440 466 3502 ούδενλ
490 3445 591 3516 wytt]
616 3440 683 3500 ούδδ
708 3439 812 3510 (ούδὲν
834 3446 918 3512 VM).
948 3446 984 3498 uf.
1007 3446 1093 3499 11⁹1)

77 3517 222 3583 Aristoph.
240 3517 331 3569 Nubb.
349 3520 401 3570 580
