2414 3862
326 185 534 238 ΕΡεεεοτΑΕ
552 187 592 236 το.
611 183 655 249 (οε
664 184 757 252 HeyL)
776 187 817 241 τι
1015 184 1076 249 601

62 319 175 389 αὐτων
197 324 267 388 των
288 318 419 389 θεων
404 347 422 389 ο
445 320 735 419 πρεσβύτατος,εί
735 349 751 401 ς
773 318 815 394 δν
837 320 945 390 πάντα
967 273 1023 389 καὶ
1044 323 1077 403 ἐξ

63 418 105 495 οὗ
131 425 256 511 πάντα,
281 429 363 508 ζῶσί
386 452 421 494 τε
444 426 600 507 έταξεν”
579 454 743 516 αρχοντας
764 428 819 497 καὶ
841 429 1078 563 τελευτήσασιν

62 531 275 620 ἀπεκλήρωσε
297 534 487 622 κυρίους,
470 535 611 626 εκατέρῳ
634 533 674 602 τὰ
696 535 865 622 πρέποντα
883 535 945 624 χρὴ
964 538 1078 624 νέμειν

62 640 100 707 έν
123 639 215 727 μέρει
237 639 293 707 καὶ
315 649 491 727 μιμεῖσθαι
515 639 573 707 διά
594 643 655 709 τοῦ
674 638 753 709 καθ’
774 642 900 731 ἡμέραν
921 649 999 728 βίον
1016 642 1078 731 τὴν
1133 624 1139 633 x

35 746 102 813 εέν
124 759 193 824 τοῖς
218 737 293 813 οὖσι
316 749 383 813 τῶν
407 749 499 814 θεῶν
523 746 753 834 διακόσμησιν.

153 847 290 918 Οὐκοῦν
316 848 438 938 ἡσυχία
461 851 523 938 μὲν
547 850 564 920 ὁ
589 852 738 933 θάνατός
761 855 867 940 ἐστιν,
895 854 1017 945 ἡσυχίᾳ
1040 856 1077 924 δὲ

39 956 82 1045 ἡ
115 956 177 1037 νὺξ
211 955 375 1045 ἁρμόττει.
420 957 537 1046 διόπερ
571 957 662 1046 οἶμαι
693 961 831 1046 πρέπειν
860 963 896 1030 έν
924 959 1008 1050 αὐτῇ
1035 961 1076 1029 τά

40 1064 136 1152 περὶ
166 1062 224 1143 τάς
250 1063 358 1150 ταφάς
384 1064 678 1151 πραγματεύεσθαι
703 1071 772 1134 τῶν
798 1067 1077 1155 τελευτησάντων,

62 1170 133 1238 ἐπεὶ
156 1168 195 1237 τό
217 1196 255 1255 γε
274 1170 311 1236 έν
329 1167 435 1258 ἡμέρα
453 1170 609 1259 πράττειν
626 1199 658 1240 τι
673 1168 810 1241 τοιοῦτο
829 1177 963 1242 πολλῶν
982 1175 1077 1242 ἕνεκα

19 1298 47 1338 ιο
60 1275 292 1365 παραιτητέον.
339 1273 438 1368 ἀλλος
465 1274 516 1344 ἐπ’
541 1275 624 1366 άλλη
651 1277 767 1366 πράξει
795 1280 968 1369 στρέφεται
995 1279 1078 1348 κατὰ

59 1380 131 1470 τὴν
151 1381 266 1469 πόλιν,
297 1383 353 1450 καὶ
381 1381 483 1470 μεστὰ
511 1382 619 1452 πάντα
647 1386 716 1452 ἐστὶ
742 1389 811 1459 τῶν
833 1385 896 1473 μὲν
918 1391 965 1466 είς
988 1391 1077 1454 δικα·
1179 1422 1188 1441 .

61 1489 182 1579 στήρια
204 1492 443 1580 πορευομένων
460 1494 529 1560 τῶν
548 1491 585 1560 δέ
604 1496 651 1571 είς
669 1491 797 1580 ἀγορὰν
814 1496 870 1562 καὶ
892 1496 924 1575 ἐξ
943 1490 1078 1580 ἀγοράς,

60 1600 131 1665 τῶν
160 1596 298 1688 δέταῖς
323 1601 454 1686 τέχναις
475 1601 780 1686 προσκαθημένων,
812 1602 880 1666 τῶν
903 1600 940 1666 δὲ
963 1601 1016 1667 ἐπὶ
1039 1600 1079 1668 τά

61 1702 136 1791 ἱερὰ
159 1704 373 1790 φοιτώντων,
397 1703 486 1784 ὅπως
508 1703 566 1784 τάς
589 1702 720 1790 ἀγαθάς
743 1705 878 1783 ἐλπίδας
900 1703 989 1791 παρὰ
1010 1709 1079 1774 τῶν

14 1836 46 1877 15
60 1812 157 1877 θεῶν
179 1810 437 1897 βεβαιόσαιντο·
476 1808 545 1878 εἶτα
568 1808 630 1878 οὐκ
653 1807 730 1878 οῖδα
754 1815 874 1889 οἵτινες
897 1807 1080 1890 ἀναθέντες
1148 1872 1150 1875 .

62 1917 101 1983 έν
136 1921 234 2005 κλίνη
272 1915 394 2006 νεκρὸν
430 1916 487 1985 διὰ
523 1918 635 2005 μέσων
671 1913 843 1984 ὠθοῦνται
872 1920 945 1984 ’των
976 1921 1080 1984 ταῦτα

62 2014 331 2106 σπουδαζόντων.
367 2022 423 2091 καὶ
446 2021 483 2090 τὸ
507 2022 642 2110 πρᾶγμά
661 2025 730 2090 ἐστι
748 2023 856 2090 πάντα
873 2022 1000 2111 τρόπον
1018 2022 1079 2093 οὐκ

62 2125 212 2199 ἀνεκτόν.
258 2128 528 2218 ἀναπίμπλανται
553 2127 616 2217 γὰρ
642 2133 678 2197 οί
697 2127 939 2218 προστυχόντος
960 2133 1079 2200 πολλά·

61 2263 115 2315 κις
146 2235 281 2323 ἀηδίας,
318 2241 354 2305 οί
383 2236 446 2324 μὲν
478 2235 627 2322 οίόμενοι
659 2233 811 2324 πονηρὸν
837 2237 875 2304 τὸ
905 2236 1080 2324 οίάνισμα,

19 2369 47 2409 το
61 2352 134 2421 τοις
157 2342 249 2410 δὲεί
249 2342 360 2428 ςίερδι
383 2347 579 2429 βαδίζουσιν
603 2339 644 2409 οὐ
666 2342 765 2429 θέμις
787 2352 989 2431 προσελθεῖν
1012 2344 1080 2412 ἐστι

62 2449 144 2536 πρὶν
171 2447 437 2517 ἀπολούσασθαι.
482 2462 553 2527 τοις
579 2448 643 2536 γὰρ
673 2454 792 2529 αίτίοις
817 2453 879 2517 τοῦ
903 2453 961 2536 ζην
983 2459 1078 2532 θεοις

52 2553 119 2640 ,καὶ
146 2554 290 2642 μάλιστα
312 2556 453 2622 πάνπων
476 2550 721 2642 ἀλλοτριώτατα
743 2555 827 2642 πρὸς
850 2555 988 2644 φθορὰν
1010 2561 1078 2625 δια-

62 2662 228 2748 κειμένοις
262 2658 304 2728 οὐ
334 2661 433 2748 θέμις
460 2668 661 2749 προσελθεῖν
688 2657 752 2729 ἀπὸ
781 2660 936 2748 τοιαύτης
964 2660 1080 2742 ὅψεως.

62 2767 119 2834 καὶ
144 2765 236 2835 ούπω
260 2766 300 2836 τά
323 2773 420 2854 μείζω
443 2765 654 2853 κατηγόρηκα
677 2770 738 2835 τοῦ
760 2767 973 2852 γιγνομένου.
1004 2774 1079 2837 τίνα

20 2896 49 2937 τε
65 2874 103 2942 δέ
126 2877 231 2942 ταῦτα’
253 2876 358 2955 ἐστιν;
383 2873 466 2961 ἱεροὶ
489 2868 660 2957 περίβολοι
683 2873 737 2939 καὶ
761 2875 853 2939 θεῶν
876 2873 953 2940 ναοὶ
977 2871 1079 2966 ἀνερά-

62 3000 157 3068 γασι·
194 2982 250 3049 καὶ
282 2978 440 3059 πολλάκις
471 2977 549 3046 θύει
581 3003 630 3056 τις
658 2980 759 3044 ἔνδον
785 2978 842 3044 καὶ
870 2979 1004 3046 σπένδει
1026 2982 1081 3048 καὶ

65 3086 206 3174 εύχεται,
230 3091 267 3155 οἱ
287 3087 324 3154 δὲ
347 3087 567 3175 παρέρχονται
590 3080 668 3171 παρ’
686 3080 766 3152 αὐτὸ
789 3085 827 3152 τὸ
848 3086 941 3175 ίερδν
959 3085 1080 3175 νεκρὸν

64 3199 269 3281 κομίζοντες,
301 3193 356 3260 καὶ
384 3190 499 3300 ἡτοδν
527 3189 687 3280 ὀδυρμῶν
710 3189 806 3279 φωνὴ
821 3192 885 3259 ’καὶ
909 3196 1081 3280 δοσφημία

134 3392 243 3477 Ίαάτῇ
262 3401 289 3448 Η
327 3391 431 3458 αύτοιῑς
449 3399 478 3447 Μ
554 3389 854 3464 8τετελεντησάντων
871 3401 900 3450 Μ
974 3399 1038 3450 9τί
1053 3402 1082 3450 Μ

64 3463 98 3520 13
125 3464 182 3521 τῶν
202 3465 236 3521 δέ
260 3468 286 3516 Η
330 3465 388 3518 τῶν
412 3461 446 3517 δὲ
470 3459 517 3517 ἐπὶ
542 3466 580 3516 Μ.
615 3466 677 3530 vid
700 3466 798 3518 Iulian
819 3466 866 3522 Or.
884 3467 934 3518 III.
954 3467 1036 3518 1100
1054 3473 1081 3518 et

66 3535 153 3587 124A
200 3537 233 3587 15
251 3526 457 3602 βεβαιώσοιντο
475 3533 504 3582 Μ
548 3537 580 3586 17
598 3531 716 3602 πρᾶγμα
734 3527 793 3586 ἐστὶ
812 3534 841 3584 Μ
880 3537 913 3586 21
933 3531 1082 3596 αἰτίαιςΜ
