2436 3870
347 153 555 206 οουυῐυιυα
573 152 791 219 (οιωειιυιε).
1012 152 1076 216 413

62 283 165 363 τικῶν
193 280 418 369 ἐπεμνήσθην,
445 283 548 350 πλέον
566 277 586 369 η’
605 286 795 370 τριακοσίας
822 277 1076 369 ὑπαγαγόμενος

1 419 3 422 ’
62 388 185 473 πόλεις,
213 383 351 475 άνδρῶν
378 387 415 457 δὲ
443 384 506 456 οὐκ
525 387 686 468 ἐλάσσους
712 382 734 474 ἢ
758 393 930 467 διακοσίας
956 387 1076 475 μυριά·

63 499 133 574 δας.
179 490 288 562 ὄντων
320 492 357 561 δὲ
384 492 513 562 τούτων
540 521 597 580 μοι
623 494 788 564 τοιούτων
815 499 939 583 ἔργων,
967 496 1116 566 ἐκεῖνοΒ

63 605 175 687 μεῖζον
202 590 245 686 ἦν
271 599 329 668 καὶ
355 599 608 688 τολμηρότερον.
645 602 746 690 ἐχρῆν
769 600 833 688 γάρ
860 627 900 688 με
918 597 1092 688 καὶπρὸς

36 702 190 786 ιαάτοδς
217 711 474 791 διαγωνίζεσθαι
499 703 580 791 τοὺς
606 707 821 787 πολίταςκαὶ
847 719 982 796 κρατεῖν
1007 707 1076 772 τῶν

63 808 201 900 ἀμάχων
237 812 294 879 καλ
330 808 497 899 ἀνικήτων
525 806 704 899 Ῥωμαίων.
754 820 818 881 είτε
856 804 919 881 οὖν
955 810 1076 897 πλήθει
1152 848 1154 855 ’

63 944 114 998 τις
140 923 246 1006 κρίνει
274 916 499 1006 παρατάξεων,
526 919 598 1006 τρὶς
619 917 816 998 τοσαυτάκις
833 916 1076 1006 παρεταξάμην,

63 1020 191 1104 ὁσάκιςἸ
216 1018 301 1112 ὑπὲρ
336 1019 556 1113 Ἀλεξάνδρου
592 1023 818 1112 κομπάζουσιν
856 1027 892 1093 οί
924 1022 965 1091 τά
1000 1023 1076 1110 περὶ

64 1126 172 1198 αὐτοῦ
199 1131 486 1217 σεμνοποιοῦυτες,
514 1138 578 1198 ελτε
604 1129 726 1218 πλήθει
753 1130 883 1199 πόλεων
910 1127 1076 1217 αἰχμαλω-

22 1268 50 1308 ιο
63 1262 147 1322 των,
180 1230 221 1305 οὐ
252 1238 311 1323 τῆς
335 1232 445 1317 Ἀσίας
471 1235 593 1324 μόνον,
626 1232 710 1305 άλλά
737 1237 793 1304 καλ
824 1239 882 1325 τῆς
908 1232 1115 1325 Εὐρωπηςθ

63 1339 104 1411 τὰ
140 1350 277 1410 πλείστα
317 1341 596 1430 κατεστρεψάμην.
648 1338 861 1431 Ἀλέξανδρος
901 1351 1076 1428 Αίγυπτον

1 1455 3 1458 ’
63 1451 223 1535 περιῆλδε
248 1450 402 1536 θεωρῶν,
429 1445 494 1534 ἐγὼ
514 1447 551 1517 δὲ
569 1448 738 1535 συμπόσια
761 1451 957 1536 συγκροτῶν
983 1474 1076 1516 κατε-

64 1555 244 1641 πολίμησα.
283 1552 346 1642 τὴν
372 1553 410 1622 δὲ
437 1551 517 1641 μετὰ
543 1552 582 1623 τὸ
610 1557 771 1643 κρατῆσαι
797 1555 968 1644 πραότητα
995 1553 1076 1641 βού-

63 1667 165 1728 λεσθε
201 1659 349 1741 ἐξετάσαι
385 1654 447 1747 τὴν
482 1657 561 1750 παρ’
602 1662 763 1751 ἑκατέρως
805 1658 869 1745 ἐγὼ
910 1661 967 1728 καὶ
1007 1673 1077 1739 τοῖς

25 1796 52 1837 15
65 1773 234 1854 πολεμίοις
266 1767 458 1852 συνέγνων·
490 1772 622 1842 ἔπαθον
653 1768 739 1852 γοῦν
774 1761 833 1834 ὑπ’
868 1761 982 1834 αὐτῶν
1013 1761 1077 1833 ὅσα
1114 1755 1116 1757 ’

66 1874 201 1960 ἐμέλησε
237 1874 277 1961 τη
309 1878 418 1960 Δίκη·
456 1867 474 1940 ὁ
506 1872 544 1941 δὲ
579 1869 663 1961 πρὸς
694 1885 764 1953 τοῖς
795 1877 964 1959 πολεμίοις
996 1867 1078 1939 οὐδὲ

55 1981 134 2045 ιτῶν
166 1984 275 2065 φίλων
307 1975 475 2066 άπίσχετο.
520 1984 568 2046 ἔτι
600 1969 664 2047 οὖν
695 2005 752 2065 μοι
783 1979 859 2066 περὶ
889 1980 958 2044 τῶν
989 1992 1121 2062 πρω-Ι)

66 2089 165 2152 τείων
196 2081 418 2172 ἀμφισβητεῖν
455 2078 526 2165 οἷός
556 2110 591 2153 τε
628 2090 706 2173 ἕκτης
738 2084 794 2153 καὶ
832 2080 895 2152 οὐκ
931 2079 1078 2151 αὐτόθεν

66 2191 123 2258 καὶ
155 2187 198 2258 σὺ
222 2189 485 2279 παραχωρήσας
515 2189 596 2279 μετὰ
627 2193 695 2259 τάν
723 2187 849 2276 άλλωυ,
881 2186 964 2292 άλλδι
996 2185 1078 2256 άνα-

25 2327 52 2367 ιο
66 2295 200 2382 γκάσεις
230 2323 270 2384 με
303 2293 479 2400 λέγειν,“
460 2322 550 2377 οπως
582 2294 663 2384 (σὺ)
695 2324 757 2384 μεν
794 2295 921 2385 ἑχρησω
954 2320 1079 2384 πικρως

68 2409 245 2490 Θηβαίοις,
277 2401 342 2489 ἔγω
371 2393 409 2472 δὲ
440 2417 510 2484 τοῖς
537 2399 716 2491 Ἑλβετίοις
743 2401 1007 2490 φιλανθρωπως;
1035 2398 1079 2471 σὺ

66 2507 192 2596 μὲν
156 2536 220 2632 γαρ
248 2510 386 2578 ἐκείνων
412 2510 631 2598 κατίκαυσας
642 2536 701 2591 τας
727 2509 849 2595 πόλεις,
877 2505 942 2595 ἐγὼ
966 2505 1056 2578 δε
1021 2535 1079 2588 τας

66 2609 133 2683 υπὸ
171 2617 240 2683 τάν
276 2619 411 2684 οἰκείων
442 2618 589 2683 πολιτων
620 2615 830 2704 κακουμένας
860 2614 971 2696 πόλεις
1003 2611 1078 2682 ἀνί-

67 2740 180 2806 στησα.
233 2725 343 2790 καίτοι
383 2725 418 2788 τί
459 2723 622 2790 τοσοῦτον
668 2713 711 2809 ἦν
757 2728 888 2810 μυρίων
925 2723 1079 2810 Γραικῶν

153 2982 169 3030 3
187 2974 277 3046 ἔριον
294 2977 363 3046 VM]
382 2978 439 3029 τῶν
458 2974 547 3045 ἔργον
628 2982 660 3029 12
677 2977 819 3043 περιῆλθε
836 2975 916 3057 Oob.]
935 2952 1078 3060 παρῆλθε.
1146 2968 1163 3045 'y

67 3045 164 3097 Malim
182 2998 303 3126 ἐπῆλθε.
335 3048 369 3097 cf.
389 3047 438 3098 8Δ
458 3047 540 3098 1073
612 3049 643 3096 15
642 3062 731 3132 γουν
748 3044 818 3126 VM]
838 3062 890 3096 ουν
960 3047 990 3096 17
1010 3039 1080 3096 άπὲ·

68 3126 151 3180 σχετο
169 3065 281 3180 libri]-’
264 3113 402 3193 απείγετο
433 3116 437 3178 Ι
470 3109 512 3165 ἔτι
531 3111 598 3179 VM]
619 3131 647 3166 τι
642 3112 742 3178 ‘.‚Aug
762 3130 807 3165 οτι
824 3115 877 3176 v!
910 3128 964 3164 ουν
1003 3128 1030 3163 οι
1047 3128 1078 3163 π

67 3197 91 3230 τ.
115 3197 161 3247 πρ.
176 3177 257 3258 VM]
288 3194 390 3233 ουνπ.
409 3198 432 3232 τ.
450 3197 496 3240 πρ.
514 3197 571 3262 μοι
658 3184 689 3232 19
715 3179 766 3232 καλ
788 3194 822 3232 ου
824 3129 1078 3246 ν,λλΜΑοςΫσύΙ

67 3240 246 3368 άναῖκάσεις
263 3248 399 3315 VMAug
417 3247 485 3315 ρετ]
504 3241 676 3329 ἀναγκάζεις
743 3251 777 3300 20
794 3262 828 3299 συ
847 3249 910 3301 add.
928 3248 1080 3298 Horkelius

67 3314 287 3446 Ξιδιυάάὲσδδίάίις,
292 3316 425 3434 Ἥδιδξ
441 3313 772 3436 δαοῗιξεέεάράίάεῗδιερθί
782 3311 1079 3463 ΙοῗαςΔητΞάλεΙιςῖαττηῗν

66 3447 153 3504 πόλιν
175 3451 203 3501 H
289 3454 322 3502 24
350 3450 445 3502 καίτοι
466 3470 485 3518 η
508 3452 539 3504 τί
559 3451 657 3518 spanh
693 3451 789 3502 Malim
812 3452 908 3503 καίτοι
930 3466 993 3502 ουτι
1011 3441 1079 3502 ταν’·

66 3514 118 3570 τδν
135 3507 173 3586 ἦν
