2414 3862
226 153 431 206 EPISTOLAE
451 151 517 222 [75]
537 153 683 220 (wneyl.)
702 155 744 210 76.
763 153 909 221 (8311051.)
1013 96 1118 218 599.
1196 108 1202 120 ‘

58 316 158 377 ματα-
171 285 367 376 ἀναστῆσαι,
390 287 475 357 ὥστε
495 314 535 375 με
553 298 664 356 πείσαι
682 287 809 368 πάντας
827 297 929 357 είκειν
947 294 1079 374 βασιλεῖ
1133 311 1135 313 ·

53 392 229 480 Ῥωμαίων
255 394 310 461 καὶ
334 394 378 481 μὴ
401 392 652 483 ῦπεραίρεσθαι.
697 393 734 462 τὸ
760 387 823 462 οῦν
846 395 1075 482 ἐξονομασθὲν

58 506 201 589 χρυσίον
233 500 266 579 ἐξ
296 497 446 587 ἀριθμοῦ
475 504 559 591 ζυγῷ
589 503 761 593 Καμπανρῦ
777 507 993 590 ,πρυτανίσας
1020 503 1075 569 καί

60 605 282 695 διαμετρήσας
318 602 477 692 ἀσφαλῶς
512 605 747 686 ἐξαπόστειλόν
784 633 841 694 μοι
874 605 919 674 δι’
951 613 1077 677 οἰκείου

30 715 180 781 επιστοῦ
211 731 265 779 σοι
298 709 410 797 όντος,
448 716 612 802 ὃακτυλίφ
644 714 690 803 τῷ
720 716 766 803 σῷ
795 714 1076 801 σφραγισάμενος,

57 818 144 888 ὥστε
174 843 215 905 με
243 816 460 902 ἀπεγνωκότι,
491 813 557 885 κάν
586 816 651 899 ὀψέ
676 841 769 904 ποτε,
801 825 863 888 τοῦ
889 825 1010 910 καιροῦ
1036 820 1074 889 τὸ

57 923 285 1013 ἀπαραίτητον
304 922 454 1013 γαληνόν
472 943 526 991 σοι
544 925 706 1009 γενέσθαι
723 925 852 1013 περὶτὰ
867 928 1076 1015 ἐπταισμένα.

58 1028 168 1119 άγῦιρ
191 1027 360 1116 ἀνέγνων,
384 1034 493 1115 ἔγνων
515 1029 570 1096 καὶ
593 1030 773 1116 κατέγνων.

1163 900 1176 935 3

290 1205 347 1278 ος’.
386 1198 605 1298 Ἐὐσταθίφ
628 1206 848 1300 φιλοσόφφ.
894 1258 896 1263 ,
1083 1231 1122 1275 ωο

17 1376 45 1416 10
148 1348 210 1435 Μὴ
242 1352 320 1415 λίαν
351 1339 372 1436 ᾖ
400 1346 519 1416 κοινὸν
546 1347 583 1415 τὸ
611 1354 792 1436 προοίμιον
823 1349 900 1419 Τὸν
928 1350 1077 1440 ἐσθλὸν

58 1453 195 1543 ἀνδρα.
239 1452 280 1521 τά
318 1453 355 1522 δὲ
392 1454 509 1541 ἐφεξῆς
541 1451 643 1522 οἶσθα
676 1454 878 1543 δήπουθεν.’
907 1455 990 1526 ἀλλά
1021 1461 1076 1528 καὶ

58 1567 151 1649 ἔχεις.
198 1559 300 1630 οἶσθα
328 1561 391 1648 μὲν
417 1558 481 1647 γάρ
509 1559 566 1629 ἅτε
593 1561 706 1648 λόγιος
733 1557 783 1629 ω”ν
808 1563 863 1630 καὶ
889 1564 1077 1652 φιλόσοφος

10 1694 13 1700 ·
57 1667 95 1737 τὸ
129 1667 293 1754 ἑπόμενον
326 1664 432 1757 αὐτῷ,
469 1664 525 1753 ἐμὲ
558 1665 595 1734 δὲ
627 1671 711 1753 ἔχεις
740 1673 857 1753 φίλον,
889 1677 980 1756 είπερ
1014 1665 1077 1739 οῦν

59 1772 159 1862 άμφω
192 1775 315 1842 ἐσθλοί
340 1773 447 1859 ἐσμεν.
492 1769 576 1861 ὑπὲρ
604 1771 668 1859 γὰρ
697 1775 759 1840 σοῦ
786 1775 885 1841 τοῦτο
913 1769 977 1842 κάν
1005 1779 1076 1843 δια-

19 1903 44 1944 15
58 1886 248 1968 τειναίμην,
280 1877 332 1948 ὅτι
358 1879 510 1956 τοιοῦτος
536 1875 581 1964 εί,
612 1879 688 1965 περὶ
717 1878 755 1946 δὲ
778 1880 923 1965 ἐμαυτοῦ
946 1887 1075 1950 σιωπῶ·

58 1987 190 2072 γένοιτο
219 1985 256 2053 δὲ
283 1981 362 2062 τοῦς
389 1981 513 2062 ἀλλους
540 1986 702 2052 αίθέσθαι
724 1985 781 2051 καὶ
804 1985 887 2071 ἐμοῦ
909 1986 1075 2057 τοιούτου.
1181 1998 1184 2002 ’

57 2099 93 2160 τί
118 2085 182 2160 οὖν
208 2078 323 2179 ὥσπερ
348 2087 475 2157 ἀτοπόν
501 2115 533 2156 τι
561 2091 669 2177 λέγων
696 2089 805 2182 κῦκλφ
828 2097 971 2180 περίειμι
996 2097 1102 2165 δέον

58 2205 179 2279 είπεῖν;
193 2189 252 2285 ἧκε
265 2197 321 2264 καὶ
336 2199 458 2264 σπεῦδε
471 2201 538 2281 καί,
551 2194 588 2263 τὸ
602 2195 795 2284 λεγόμενον,
809 2199 938 2266 ἵπτασο.
954 2197 1076 2289 πορεῦ-

128 2364 142 2410 1
161 2375 197 2425 με
214 2361 313 2410 πεῖσαι
331 2374 384 2413 σοι,
403 2374 436 2408 xz
461 2354 465 2421 Ι
489 2344 572 2422 ἥκειν
590 2374 624 2407 xz
693 2348 953 2427 ἳῦπεραίρερθαι]
973 2355 1075 2415 ἀνταί-

58 2428 165 2494 ρεσθιιι
183 2444 214 2490 x,
234 2419 462 2488 άντίρεσθαιτι
487 2419 746 2492 κατονομασθὲνγ
815 2429 831 2478 3
849 2418 1076 2497 ἐξαριθμοζυγο-

58 2493 369 2561 καμπανοτρυτανίσας
401 2493 457 2556 Gy,
496 2484 950 2558 ἐξαριθμοκαμπανοτρυτανίσας
977 2514 1008 2561 x,
1045 2493 1075 2562 ἐξ

57 2553 189 2628 ἀριθμοῦ
207 2555 592 2628 ζυγοκαμπανοτρυγανήσας
615 2577 630 2609 τ
720 2563 738 2611 4
761 2554 951 2625 ίξαπόστελλε
968 2582 999 2630 x,
1031 2558 1076 2630 ἐξ·

58 2622 227 2681 απόστειλαι
236 2647 264 2695 y,
283 2621 478 2679 ἀπόστειλονι
494 2625 499 2691 Ι
514 2643 562 2691 μοι
572 2625 599 2695 τ]
614 2642 673 2692 μοι,
692 2623 865 2705 είμσυνείδγς
875 2630 1034 2694 (σοντίδεις
1046 2632 1075 2698 y)

57 2700 74 2750 5
91 2695 196 2748 πιστοῦ
214 2692 274 2762 σοι]
293 2692 398 2746 πιστοῦ
415 2690 466 2746 σοῦ
479 2711 529 2758 xy,
554 2709 606 2746 σου
624 2687 784 2760 ἄνθρωπον
800 2696 904 2748 πιστοῦ
912 2715 932 2747 -τ
947 2697 952 2762 1
969 2697 1075 2750 δακτυ-

58 2762 143 2833 λιδίφ
161 2781 193 2826 x,
231 2755 653 2829 δακτυλίῳ-σφραγισάμενος
682 2778 767 2816 οων
854 2766 870 2814 6
897 2780 932 2829 με
955 2765 1072 2831 om.G1

57 2823 247 2896 ἒπεγνωκότι,
283 2835 315 2880 ut
343 2830 492 2880 voluerant
518 2829 702 2892 Benedictini‚
738 2828 849 2895 Heyler]
884 2824 1074 2897 ίπεγνωκότα.

57 2900 153 2963 „Foru
172 2889 360 2963 ἀπεγνωκότα
379 2899 514 2948 eiurata
533 2897 727 2947 severitate
744 2896 888 2947 inflexibili
905 2904 933 2948 et
949 2901 1074 2950 inexora-

56 2966 116 3018 bili.
152 2961 382 3046 ἀπογργνιόσκειν
405 2970 462 3016 tum
478 2965 530 3014 erit
548 2962 717 3028 expellere
737 2965 862 3028 animo,
890 2966 1075 3018 abiicere“.

56 3035 125 3085 Rsk.
195 3036 249 3084 8ο
267 3025 514 3099 γάρ-κατέγνων
532 3047 584 3081 om.
603 3030 664 3094 ny
682 3029 780 3093 (habet
796 3031 824 3095 z)
884 3032 1076 3100 9Sequuntur

56 3104 88 3151 in
109 3097 270 3165 heyleriana
292 3100 411 3166 quinque
428 3099 494 3149 illae
514 3099 650 3164 epistolae
671 3097 721 3160 (nr.
740 3097 853 3163 78-82)
875 3099 976 3152 Isidori
993 3102 1075 3154 Pelu-

57 3169 163 3232 siotae,
191 3169 225 3219 de
244 3168 343 3235 quibus
360 3166 418 3218 vid.
437 3167 527 3217 Praef.
547 3165 608 3217 Vol.
625 3165 647 3219 I.
667 3182 694 3231 p.
712 3165 760 3216 VI.
792 3164 797 3231 Ι
829 3167 911 3218 Hanc
928 3169 1074 3234 epistolam

56 3237 162 3302 primus
180 3236 267 3301 edidit
285 3235 388 3299 Heyler
406 3251 439 3285 ex
456 3234 590 3285 Vaticano
611 3235 676 3285 1353
737 3236 769 3283 10
787 3226 838 3285 τόν
855 3234 1020 3288 Eustathius
1038 3237 1073 3288 ad

56 3304 137 3356 Iliad.
155 3319 180 3368 p.
199 3306 276 3365 800‚9
295 3302 337 3365 σᾶ.
356 3303 434 3353 Rom.
452 3300 499 3364 (ef.
518 3301 644 3367 Sophoel.
661 3301 739 3351 Aine.
759 3298 849 3368 1352)]
868 3294 901 3354 τό
942 3306 974 3355 13
992 3309 1021 3355 et
1040 3306 1073 3354 14

56 3359 149 3423 οῦνά
173 3368 228 3437 φο]
248 3365 389 3435 συνάμφω
407 3369 505 3432 Hrch.,
523 3368 594 3435 γοῦν
612 3356 701 3434 ἀμφω
718 3369 746 3418 Η
793 3371 824 3419 14
843 3367 895 3419 σοῦ
914 3369 1000 3422 τοῦτο
1019 3361 1076 3421 κάν

56 3387 170 3570 ᾗτὲὴῦ
178 3439 230 3490 σοῦ
249 3434 335 3489 τοῦτο
353 3425 390 3489 ἀν
407 3438 449 3500 Η,
474 3432 597 3488 σεαυτοῦ
617 3427 669 3489 οῦκ
689 3427 724 3486 ἀν
742 3453 760 3486 v
805 3438 837 3487 1⁷
855 3433 957 3505 λέγων]
979 3437 1074 3489 Malim

110 3523 159 3557 ων,
