2436 3870
401 963 754 1042 PRAEFATIO.

160 1172 212 1239 Ad
241 1197 293 1261 ea,
325 1199 407 1260 quae
435 1176 474 1241 de
500 1177 594 1240 libris
621 1198 720 1240 manu
747 1177 876 1260 seriptis
903 1176 1019 1242 Iuliani
1047 1178 1081 1242 in

69 1282 270 1366 praefatione
283 1282 456 1346 voluminis
470 1282 487 1345 I
505 1282 579 1361 dixi,
597 1285 634 1347 ut
648 1283 763 1346 addere
776 1283 931 1347 nonnulla
943 1305 1082 1368 possem,

69 1389 190 1474 insigni
221 1387 386 1479 Rudolphi
416 1387 572 1453 Hereheri
608 1389 729 1453 factum
767 1392 816 1453 est
847 1390 1082 1474 benevolentia,

71 1517 136 1578 qua
158 1501 350 1580 apparatum
377 1519 471 1561 suum
499 1496 646 1560 eritioum
674 1496 715 1560 ad
741 1494 859 1560 Iuliani
886 1496 1040 1578 epistolas
1064 1519 1081 1561 e

69 1601 163 1667 libris
190 1626 287 1669 manu
316 1603 445 1686 seriptis
474 1603 613 1688 petitum
640 1601 816 1667 liberaliter
843 1623 969 1666 meeum
994 1625 1079 1667 eom-

69 1710 253 1777 munieavit.
616 1797 618 1801 Ι

157 1815 289 1882 Praeter
324 1815 509 1882 Vossiani
548 1817 587 1880 77
626 1814 830 1881 collationem
867 1837 887 1878 a
923 1813 1079 1880 Diibnero

68 1920 192 1986 factam
218 1921 279 2010 (V‘1
303 1924 438 1990 anobis
462 1920 693 2010 significatam)
721 1926 896 2007 apparatus
923 1923 977 1986 ille
1005 1945 1078 1989 eon·
1141 2008 1144 2012 Δ

68 2027 153 2092 tinet
176 2029 219 2094 eti

114 2132 149 2221 2)
173 2139 380 2204 collationem
407 2138 448 2202 ad
475 2135 537 2221 Ep.
563 2138 590 2201 1.
617 2134 807 2213 Vossianiv
825 2133 861 2210 Q.
889 2136 1008 2220 64,400
1030 2137 1077 2203 fo·

67 2240 202 2329 uorum,
225 2244 264 2310 8⁰
286 2247 362 2310 min.
387 2245 507 2311 saeculi
525 2242 628 2309 XVII.
666 2242 728 2320 Qui
752 2264 824 2308 eum
842 2243 963 2308 nullius
981 2243 1078 2328 pretii

28 2444 30 2449 ,
67 2349 124 2433 sit,
148 2353 284 2417 anobis
308 2355 358 2416 est
381 2353 556 2438 neglectus,

156 2457 323 2526 Accedunt

113 2559 148 2648 3)
167 2562 512 2650 Heidelbergensis
532 2563 596 2629 356
616 2560 716 2649 (apud
730 2562 906 2646 Heylerum
924 2588 954 2648 p.
968 2565 1077 2631 XXIV

65 2669 280 2753 praefationis
314 2671 400 2735 inter
433 2671 558 2736 codices
591 2669 669 2735 olim
700 2667 1077 2757 Palatino-Vaticanos),

66 2775 121 2859 qui
149 2776 210 2842 hoe
238 2778 349 2844 ordine
377 2778 476 2844 habet
498 2776 664 2861 Epistolas
687 2776 744 2860 28,
772 2775 828 2860 57,
859 2777 913 2862 14,
943 2779 996 2861 18,
1027 2779 1076 2842 16.

4 2925 6 2931 ·
64 2882 138 2966 Ipse
167 2905 292 2968 quoque
319 2883 406 2949 hune
435 2884 555 2950 librum
581 2881 687 2947 habeo
715 2882 870 2962 collatum
893 2905 912 2947 a
936 2882 1075 2973 Georgio

64 2989 133 3054 filio
158 2991 224 3056 suis
248 2992 413 3076 literisque
436 2993 643 3076 praematura
666 2992 768 3054 morte
791 2990 912 3072 erepto.

110 3093 145 3182 4)
168 3097 412 3164 Monacensis
435 3099 510 3162 490.
555 3095 710 3161 Hereheri
734 3093 864 3160 collatio
889 3117 961 3160 oum
984 3094 1073 3162 Iteis·

64 3202 163 3268 kiana
185 3209 314 3289 praeter
336 3227 439 3288 pauca
462 3225 499 3268 ao
522 3203 606 3268 levia
628 3201 799 3267 consentit

110 3309 146 3395 ὃ)
169 3309 372 3376 Palatinus
393 3311 494 3375 Rom.
512 3310 583 3373 134.
606 3307 829 3392 bombycinus,
853 3307 971 3374 saeculi
986 3310 1073 3375 XIV.

65 3417 212 3484 Collatus
236 3420 285 3483 est
308 3440 380 3482 oum
403 3417 591 3501 heyleriana
614 3415 655 3480 ad
677 3412 737 3498 Ep.
763 3416 791 3500 1,
814 3416 844 3499 2,
867 3417 898 3504 3,
923 3417 972 3503 16,
997 3417 1047 3484 75.
