2408 3856
116 125 158 189 46
417 128 559 179 IULIANI
582 127 826 178 IMPERATORIS

63 283 97 332 37
117 253 260 343 κοφόροι
285 256 342 322 καὶ
369 252 406 323 τὸ
434 251 554 322 λοιπὸν
580 256 649 322 τῶν
677 254 803 322 ίππέων
830 255 975 340 πλῆθος,
1008 256 1044 320 οί
1069 251 1133 340 μὲν

116 361 153 427 ἐκ
179 359 285 439 τόξων
313 359 500 447 βάλλοντες,
529 356 623 428 ἀλλοι
642 358 680 427 δέ
706 357 943 438 ἐπελαύνοντες
969 356 1050 438 τοὺς
1077 362 1130 427 ἵπ-

116 491 215 551 πους,
252 463 397 545 πολλοὺς
432 463 493 553 μὲν
529 469 691 550 ἔκτεινον,
729 467 871 534 ἐδίωκον
907 463 944 532 δὲ
981 458 1131 545 ἅπαντας

115 572 291 660 καρτερῶς,
318 568 411 651 τινάς
438 569 499 657 μὲν
516 568 600 659 πρὸς
622 567 660 638 τὸ
678 575 797 658 πεδίον
825 566 1019 659 ῶρμηκότας
1046 570 1130 656 φεύ-

51 704 54 708 ·
115 703 202 763 γειν,
236 667 284 744 ῶν
310 672 331 764 ή
359 675 421 757 νὺξ
454 673 590 763 ὀλίγους
617 671 766 744 ἀπέσωσε
798 676 905 764 μόλις,
936 672 975 745 τὸ
1008 673 1161 744 λοιπδνο

86 824 88 827 -
117 781 154 850 δὲ
191 785 224 862 ές
261 780 321 851 τὸν
361 780 513 871 ποταμόν
552 783 756 870 κατηνέχθη,
788 781 940 870 καθάπερ
977 783 1071 867 βοῶν
1108 778 1130 869 ή
1187 846 1189 851 ,

116 887 338 974 βοσκημάτων
370 886 469 976 ἀγέλη
503 887 796 975 συνελαυνόμενοι.
841 888 987 955 τοσαῦτα
1020 888 1128 956 ἐκεῖνο

115 991 154 1061 τὸ
182 993 369 1082 στράτευμα
396 997 453 1082 τής
475 996 538 1063 τοῦ
564 993 735 1083 τυράννου
755 997 888 1078 δειλίας,
916 988 1019 1061 οὐδὲν
1046 995 1129 1061 ἐκεί-

115 1125 178 1168 νου
207 1096 335 1187 ὀνῆσαν
363 1102 398 1168 ἐκ
424 1103 482 1187 τής
509 1097 665 1188 ἀνδρείας
691 1102 750 1186 τής
772 1093 887 1184 αὑτοῦ,
914 1097 1022 1185 μάτην
1050 1094 1129 1166 ἀπέ-

74 1213 227 1281 Βλαυσε.
277 1205 439 1293 τρόπαιον
481 1205 518 1273 δέ
559 1202 743 1292 ἀνέστησας
783 1205 837 1273 ἐπὶ
873 1206 913 1292 τῇ
948 1209 1026 1290 νίκη
1066 1206 1172 1272 τοῦτο

114 1310 272 1402 πατρῴου
303 1308 541 1398 λαμπρότερον.
587 1306 604 1377 ό
633 1310 694 1398 μὲν
726 1306 790 1398 γὰρ
821 1306 901 1389 τοὺς
931 1310 1012 1388 τέως
1044 1305 1129 1396 ἀμά-

114 1442 195 1501 χους
227 1417 413 1494 δοκοῦντας
445 1411 537 1503 ἀγων
574 1415 702 1504 ἐκράτει
734 1411 892 1503 γέροντος
924 1417 1130 1500 δυστυχοῦς·

115 1517 160 1587 σά
187 1519 224 1588 δέ
251 1515 389 1607 ήβῶσαν
407 1522 463 1589 καὶ
491 1518 704 1609 ἀκμάζουσαν
722 1518 764 1590 οὐ
791 1535 861 1600 τοίς
887 1533 1002 1599 κακοίς
1019 1519 1129 1606 μόνον

115 1619 166 1707 οἷς
193 1629 284 1713 ἔδρα,
310 1629 350 1715 τή
378 1626 508 1715 νεότητι
532 1626 570 1694 δέ
587 1628 699 1713 πλέον,
725 1625 787 1715 τήν
814 1630 1000 1714 τυραννίδα
1026 1650 1128 1714 παρε-

115 1729 240 1819 στήσω,
272 1746 342 1812 τοῖς
369 1727 435 1800 ὑπὸ
464 1735 528 1800 σοῦ
555 1742 862 1820 παρασκευασθείσι
889 1732 1128 1821 στρατοπέδοις
1143 1758 1169 1800 15

113 1836 393 1925 παραταξάμενος.
443 1845 492 1918 τίς
528 1835 593 1926 γάρ
626 1842 732 1906 εἰπεῖν
769 1843 835 1925 ἔχει
870 1839 940 1904 τῶν
975 1835 1129 1925 πρόσθεν
1190 1841 1192 1846 ⁴

113 1938 369 2033 αὐτοκρατόρων
389 1941 527 2032 ἱππικήν
543 1943 691 2032 δύναμιν
709 1945 766 2012 καὶ
784 1940 908 2030 σκευήν
926 1944 995 2010 τῶν
1014 1937 1129 2012 ὅπλων

74 2049 273 2137 οτοιαότην
309 2050 531 2138 ἐπινοήσαντα
566 2051 623 2118 καὶ
660 2048 903 2138 μιμησάμενον;
940 2038 962 2137 ή
997 2050 1129 2136 πρῶτος

112 2151 215 2235 αὐτὸς
241 2156 535 2243 ἐγγυμνασάμενος
553 2155 754 2236 διδάσκαλος
781 2156 899 2240 ἐγένου
916 2167 987 2233 τοῖς
1014 2149 1128 2234 ἀλλοις

113 2255 226 2326 όπλων
253 2259 400 2346 χρήσεως
418 2256 557 2346 ἀμάχου.
594 2255 678 2348 ὑπὲρ
705 2251 745 2347 ής
772 2265 876 2328 εἰπεῖν
903 2257 1128 2346 τολμήσαντες
1142 2289 1168 2329 ιο

112 2364 230 2435 πολλοὶ
261 2366 320 2450 τής
351 2361 446 2444 ἀξίας
473 2363 672 2458 διήμαρτον,
701 2362 787 2433 ὥσθ’
818 2362 892 2433 ὅσοι
918 2367 987 2433 τῶν
1014 2364 1128 2452 λόγων

113 2464 316 2548 ἀκούσαντες
343 2465 486 2557 ὕστερον
514 2473 601 2538 ίδείν
628 2467 822 2558 ηὐτύχησαν
848 2469 907 2549 τάς
935 2467 1039 2550 ἀκοὰς
1067 2490 1127 2538 σα-

113 2577 185 2662 φῶς
212 2570 428 2662 ἀπιστοτέρας
446 2580 599 2661 ἔγνωσαν
626 2574 798 2644 εἶναιτῶν
826 2573 991 2663 ὀμμάτων.
1033 2573 1126 2644 ἀπει-

112 2705 174 2767 ρον
205 2677 268 2767 γάρ
300 2670 376 2766 ήγες
409 2681 536 2749 ἱππέων
566 2684 710 2768 πλῆθος,
743 2681 894 2770 καθάπερ
923 2677 1127 2770 ἀνδριάντας

112 2785 165 2853 ἐπὶ
191 2788 260 2852 τῶν
287 2789 398 2854 ἵππων
417 2783 632 2874 ὀχουμένους,
661 2781 712 2869 οἷς
735 2787 947 2875 συνήρμοστο
975 2783 1015 2854 τά
1042 2788 1124 2874 μέλη
1140 2817 1167 2858 ιο

65 2911 91 2965 D
110 2889 193 2960 κατά
220 2896 359 2979 μίμησιν
385 2895 444 2980 τής
462 2890 681 2983 ἀνθρωπίνης
709 2892 854 2980 φάσεως·
882 2888 947 2961 ἀπὸ
967 2890 1029 2979 μὲν
1056 2895 1125 2965 τῶν

110 2995 223 3086 ἀκρων
250 3000 387 3088 καρπῶν
406 3000 439 3079 ἐς
461 2996 541 3080 τοὺς
568 2995 732 3086 ἀγκῶνας,
759 3000 889 3067 ἐκεῖθεν
908 2996 945 3065 δέ
974 2999 1027 3065 έπὶ
1045 2995 1126 3080 τούς

178 3217 262 3266 2οτ3
286 3217 347 3274 τοῖς
371 3213 471 3295 ἵπποις
493 3215 522 3264 Μ
589 3216 607 3264 6
628 3208 657 3274 ἐς
675 3210 712 3281 V]
736 3210 777 3274 είς
846 3217 862 3266 9
885 3207 976 3293 αότιηῦ
995 3211 1122 3280 Sohaef]

109 3273 200 3334 αὐτοῦ
269 3286 326 3333 9et
339 3286 371 3333 10
392 3273 543 3361 ἀπήλαυνε
564 3282 624 3333 VM
693 3285 725 3334 13
752 3277 841 3362 μόνον
864 3279 898 3347 V]
921 3274 1005 3348 μόνοι
1092 3285 1126 3331 14

108 3346 196 3466 πῖλέον
213 3365 264 3400 om.
284 3350 312 3398 M
380 3353 413 3402 23
427 3353 501 3401 et24
518 3339 638 3414 ἀπειρόν
656 3349 735 3414 Rsk.]
753 3341 897 3428 ἀπείρων
950 3351 984 3399 24
1001 3297 1071 3415 ήγες
1089 3346 1125 3414 V]

110 3409 185 3482 εἶχες
253 3418 371 3468 26et27
395 3415 451 3469 τῶν
469 3411 566 3482 ἄκρων
584 3433 669 3481 καρπ
686 3407 765 3483 V]”
746 3433 842 3483 ακρων
859 3415 915 3468 τῶν
933 3433 1019 3482 καρπ,
1090 3419 1125 3467 27

109 3475 190 3548 ἒςλ]
211 3479 252 3542 εἰς
