<?xml version="1.0" encoding="UTF-8"?>
<!DOCTYPE html PUBLIC "-//W3C//DTD XHTML 1.0 Transitional//EN"
    "http://www.w3.org/TR/xhtml1/DTD/xhtml1-transitional.dtd">
<html xmlns="http://www.w3.org/1999/xhtml" xml:lang="en" lang="en">
 <head>
  <title>
</title>
<meta http-equiv="Content-Type" content="text/html;charset=utf-8" />
  <meta name='ocr-system' content='tesseract 3.04.00' />
  <meta name='ocr-capabilities' content='ocr_page ocr_carea ocr_par ocr_line ocrx_word'/>
</head>
<body>
  <div class='ocr_page' id='page_1' title='image "./iulianiimperato01juligoog_0184.png"; bbox 0 0 2446 3870; ppageno 0'>
   <div class='ocr_carea' id='block_1_1' title="bbox 491 155 1094 220">
    <p class='ocr_par' dir='ltr' id='par_1_1' title="bbox 491 155 1094 220">
     <span class='ocr_line' id='line_1_1' title="bbox 491 155 1094 220; baseline -0.008 -14"><span class='ocrx_word' id='word_1_1' title='bbox 491 155 624 206; x_wconf 73' lang='grc' dir='ltr'><strong><em>οεαωο</em></strong></span> <span class='ocrx_word' id='word_1_2' title='bbox 643 156 690 209; x_wconf 84' lang='lat' dir='ltr'><strong><em>1v.</em></strong></span> <span class='ocrx_word' id='word_1_3' title='bbox 1035 156 1094 220; x_wconf 76' lang='lat'><strong><em>171</em></strong></span> 
     </span>
    </p>
   </div>
   <div class='ocr_carea' id='block_1_2' title="bbox 35 278 1162 3456">
    <p class='ocr_par' dir='ltr' id='par_1_2' title="bbox 35 278 1162 3456">
     <span class='ocr_line' id='line_1_2' title="bbox 83 278 1095 373; baseline 0.002 -23"><span class='ocrx_word' id='word_1_4' title='bbox 83 295 228 350; x_wconf 77' lang='grc' dir='ltr'><strong><em>ποιεῖται</em></strong></span> <span class='ocrx_word' id='word_1_5' title='bbox 245 280 326 362; x_wconf 83' lang='grc' dir='ltr'><strong><em>τοὺς</em></strong></span> <span class='ocrx_word' id='word_1_6' title='bbox 344 281 500 370; x_wconf 82' lang='grc' dir='ltr'><strong><em>κόσμους,</em></strong></span> <span class='ocrx_word' id='word_1_7' title='bbox 520 278 562 350; x_wconf 88' lang='grc' dir='ltr'><strong><em>οῦ</em></strong></span> <span class='ocrx_word' id='word_1_8' title='bbox 579 282 791 351; x_wconf 89' lang='grc' dir='ltr'><strong><em>παντάπασιν</em></strong></span> <span class='ocrx_word' id='word_1_9' title='bbox 810 278 983 373; x_wconf 76' lang='grc' dir='ltr'><em>ἀπᾴδοντα</em></span> <span class='ocrx_word' id='word_1_10' title='bbox 1000 309 1095 372; x_wconf 92' lang='grc' dir='ltr'><strong><em>ποιη-</em></strong></span> 
     </span>
     <span class='ocr_line' id='line_1_3' title="bbox 84 382 1051 481; baseline 0.002 -26"><span class='ocrx_word' id='word_1_11' title='bbox 84 382 215 476; x_wconf 86' lang='grc' dir='ltr'><strong><em>σόμεθα</em></strong></span> <span class='ocrx_word' id='word_1_12' title='bbox 241 391 287 480; x_wconf 77' lang='grc' dir='ltr'><strong><em>τῷ</em></strong></span> <span class='ocrx_word' id='word_1_13' title='bbox 315 391 385 481; x_wconf 74' lang='grc' dir='ltr'><strong><em>θεῷ</em></strong></span> <span class='ocrx_word' id='word_1_14' title='bbox 413 386 454 457; x_wconf 80' lang='grc' dir='ltr'><strong><em>τά</em></strong></span> <span class='ocrx_word' id='word_1_15' title='bbox 482 387 641 477; x_wconf 72' lang='grc' dir='ltr'><strong><em>ἐγκάμνας</em></strong></span> <span class='ocrx_word' id='word_1_16' title='bbox 669 385 810 478; x_wconf 78' lang='grc' dir='ltr'><strong><em>ἀρκτέον</em></strong></span> <span class='ocrx_word' id='word_1_17' title='bbox 838 387 875 459; x_wconf 75' lang='grc' dir='ltr'><strong><em>δὲ</em></strong></span> <span class='ocrx_word' id='word_1_18' title='bbox 903 391 1051 459; x_wconf 75' lang='grc' dir='ltr'><strong><em>ἐνθένδε.</em></strong></span> 
     </span>
     <span class='ocr_line' id='line_1_4' title="bbox 159 485 1130 584; baseline 0.002 -22"><span class='ocrx_word' id='word_1_19' title='bbox 159 489 197 561; x_wconf 89' lang='lat'><strong><em>‘0</em></strong></span> <span class='ocrx_word' id='word_1_20' title='bbox 222 504 317 576; x_wconf 81' lang='grc' dir='ltr'><strong><em>θεῖος</em></strong></span> <span class='ocrx_word' id='word_1_21' title='bbox 346 485 445 575; x_wconf 88' lang='grc' dir='ltr'><strong><em>οῦτος</em></strong></span> <span class='ocrx_word' id='word_1_22' title='bbox 471 497 527 563; x_wconf 75' lang='grc' dir='ltr'><strong><em>καὶ</em></strong></span> <span class='ocrx_word' id='word_1_23' title='bbox 554 495 722 582; x_wconf 88' lang='grc' dir='ltr'><strong><em>πάγκαλος</em></strong></span> <span class='ocrx_word' id='word_1_24' title='bbox 753 494 878 583; x_wconf 88' lang='grc' dir='ltr'><strong><em>κόσμος</em></strong></span> <span class='ocrx_word' id='word_1_25' title='bbox 905 492 962 563; x_wconf 88' lang='grc' dir='ltr'><strong><em>ἀπ’</em></strong></span> <span class='ocrx_word' id='word_1_26' title='bbox 992 493 1130 584; x_wconf 78' lang='grc' dir='ltr'><strong><em>άκραςο</em></strong></span> 
     </span>
     <span class='ocr_line' id='line_1_5' title="bbox 80 595 1095 690; baseline 0.002 -22"><span class='ocrx_word' id='word_1_27' title='bbox 80 595 204 681; x_wconf 77' lang='grc' dir='ltr'><strong><em>ἁψῖδος</em></strong></span> <span class='ocrx_word' id='word_1_28' title='bbox 231 597 383 689; x_wconf 82' lang='grc' dir='ltr'><strong><em>οὐρανοῦ</em></strong></span> <span class='ocrx_word' id='word_1_29' title='bbox 410 603 504 690; x_wconf 84' lang='grc' dir='ltr'><strong><em>μέχρι</em></strong></span> <span class='ocrx_word' id='word_1_30' title='bbox 531 604 592 689; x_wconf 74' lang='grc' dir='ltr'><strong><em>γῆς</em></strong></span> <span class='ocrx_word' id='word_1_31' title='bbox 624 601 761 690; x_wconf 76' lang='grc' dir='ltr'><strong><em>ἐσχάτης</em></strong></span> <span class='ocrx_word' id='word_1_32' title='bbox 787 597 853 670; x_wconf 89' lang='grc' dir='ltr'><strong><em>ῦπὸ</em></strong></span> <span class='ocrx_word' id='word_1_33' title='bbox 885 605 943 690; x_wconf 81' lang='grc' dir='ltr'><strong><em>τῆς</em></strong></span> <span class='ocrx_word' id='word_1_34' title='bbox 970 599 1095 671; x_wconf 86' lang='grc' dir='ltr'><strong><em>ἀλότου</em></strong></span> 
     </span>
     <span class='ocr_line' id='line_1_6' title="bbox 49 705 1096 797; baseline -0.002 -19"><span class='ocrx_word' id='word_1_35' title='bbox 49 706 305 795; x_wconf 81' lang='grc' dir='ltr'><strong><em>οσυνεχόμενος</em></strong></span> <span class='ocrx_word' id='word_1_36' title='bbox 335 709 398 776; x_wconf 91' lang='grc' dir='ltr'><strong><em>τοῦ</em></strong></span> <span class='ocrx_word' id='word_1_37' title='bbox 429 710 516 776; x_wconf 90' lang='grc' dir='ltr'><strong><em>θεοῦ</em></strong></span> <span class='ocrx_word' id='word_1_38' title='bbox 552 714 713 797; x_wconf 80' lang='grc' dir='ltr'><strong><em>προνοίας</em></strong></span> <span class='ocrx_word' id='word_1_39' title='bbox 744 710 778 788; x_wconf 85' lang='grc' dir='ltr'><strong><em>ἐξ</em></strong></span> <span class='ocrx_word' id='word_1_40' title='bbox 810 705 924 792; x_wconf 89' lang='grc' dir='ltr'><strong><em>ἀιδίου</em></strong></span> <span class='ocrx_word' id='word_1_41' title='bbox 957 710 1096 794; x_wconf 89' lang='grc' dir='ltr'><strong><em>γέγονεν</em></strong></span> 
     </span>
     <span class='ocr_line' id='line_1_7' title="bbox 81 809 1096 903; baseline 0.001 -22"><span class='ocrx_word' id='word_1_42' title='bbox 81 809 275 901; x_wconf 78' lang='grc' dir='ltr'><strong><em>ἀγεννήτως</em></strong></span> <span class='ocrx_word' id='word_1_43' title='bbox 306 819 340 894; x_wconf 87' lang='grc' dir='ltr'><strong><em>ἐς</em></strong></span> <span class='ocrx_word' id='word_1_44' title='bbox 365 840 400 882; x_wconf 87' lang='grc' dir='ltr'><strong><em>τε</em></strong></span> <span class='ocrx_word' id='word_1_45' title='bbox 426 811 487 883; x_wconf 85' lang='grc' dir='ltr'><strong><em>τὸν</em></strong></span> <span class='ocrx_word' id='word_1_46' title='bbox 515 815 688 883; x_wconf 77' lang='grc' dir='ltr'><strong><em>ἐπίλοιπον</em></strong></span> <span class='ocrx_word' id='word_1_47' title='bbox 720 814 845 903; x_wconf 82' lang='grc' dir='ltr'><strong><em>χρόνον</em></strong></span> <span class='ocrx_word' id='word_1_48' title='bbox 877 811 1001 900; x_wconf 85' lang='grc' dir='ltr'><strong><em>ἀίδιος,</em></strong></span> <span class='ocrx_word' id='word_1_49' title='bbox 1034 811 1096 902; x_wconf 83' lang='grc' dir='ltr'><strong><em>οὐχ</em></strong></span> 
     </span>
     <span class='ocr_line' id='line_1_8' title="bbox 80 914 1095 1009; baseline 0.002 -23"><span class='ocrx_word' id='word_1_50' title='bbox 80 914 142 986; x_wconf 74' lang='grc' dir='ltr'><strong><em>ἀπ’</em></strong></span> <span class='ocrx_word' id='word_1_51' title='bbox 173 917 277 988; x_wconf 87' lang='grc' dir='ltr'><strong><em>ἀλλον</em></strong></span> <span class='ocrx_word' id='word_1_52' title='bbox 304 947 365 989; x_wconf 88' lang='grc' dir='ltr'><strong><em>του</em></strong></span> <span class='ocrx_word' id='word_1_53' title='bbox 398 919 654 1009; x_wconf 77' lang='grc' dir='ltr'><strong><em>φρουρούμενος</em></strong></span> <span class='ocrx_word' id='word_1_54' title='bbox 681 915 702 1008; x_wconf 77' lang='grc' dir='ltr'><strong><em>όΙ</em></strong></span> <span class='ocrx_word' id='word_1_55' title='bbox 733 923 905 1009; x_wconf 68' lang='grc' dir='ltr'><strong><em>προσεχεῖς</em></strong></span> <span class='ocrx_word' id='word_1_56' title='bbox 936 919 1000 1007; x_wconf 74' lang='grc' dir='ltr'><strong><em>μὲν</em></strong></span> <span class='ocrx_word' id='word_1_57' title='bbox 1029 916 1095 988; x_wconf 82' lang='grc' dir='ltr'><strong><em>ὑπὸ</em></strong></span> 
     </span>
     <span class='ocr_line' id='line_1_9' title="bbox 80 1016 1159 1114; baseline 0.001 -21"><span class='ocrx_word' id='word_1_58' title='bbox 80 1028 143 1094; x_wconf 87' lang='grc' dir='ltr'><strong><em>τοῦ</em></strong></span> <span class='ocrx_word' id='word_1_59' title='bbox 170 1027 321 1114; x_wconf 84' lang='grc' dir='ltr'><strong><em>πέμπτου</em></strong></span> <span class='ocrx_word' id='word_1_60' title='bbox 349 1026 510 1114; x_wconf 76' lang='grc' dir='ltr'><strong><em>σώματος,</em></strong></span> <span class='ocrx_word' id='word_1_61' title='bbox 539 1016 581 1095; x_wconf 89' lang='grc' dir='ltr'><strong><em>οῦ</em></strong></span> <span class='ocrx_word' id='word_1_62' title='bbox 607 1023 645 1094; x_wconf 90' lang='grc' dir='ltr'><strong><em>τὸ</em></strong></span> <span class='ocrx_word' id='word_1_63' title='bbox 672 1025 873 1114; x_wconf 85' lang='grc' dir='ltr'><strong><em>κεφάλαιόν·</em></strong></span> <span class='ocrx_word' id='word_1_64' title='bbox 886 1029 977 1095; x_wconf 89' lang='grc' dir='ltr'><strong><em>ἐστιν</em></strong></span> <span class='ocrx_word' id='word_1_65' title='bbox 1004 1023 1096 1107; x_wconf 74' lang='grc' dir='ltr'><strong><em>ἀκτίς</em></strong></span> <span class='ocrx_word' id='word_1_66' title='bbox 1157 1071 1159 1074; x_wconf 95' lang='grc'>-</span> 
     </span>
     <span class='ocr_line' id='line_1_10' title="bbox 80 1127 1162 1225; baseline 0.005 -26"><span class='ocrx_word' id='word_1_67' title='bbox 80 1127 209 1218; x_wconf 80' lang='grc' dir='ltr'><strong><em>ἀελίου,</em></strong></span> <span class='ocrx_word' id='word_1_68' title='bbox 237 1135 358 1225; x_wconf 78' lang='grc' dir='ltr'><strong><em>βαθμῷ</em></strong></span> <span class='ocrx_word' id='word_1_69' title='bbox 378 1131 414 1200; x_wconf 72' lang='grc' dir='ltr'><strong><em>δὲ</em></strong></span> <span class='ocrx_word' id='word_1_70' title='bbox 434 1130 546 1221; x_wconf 73' lang='grc' dir='ltr'><strong><em>ὥσπερ</em></strong></span> <span class='ocrx_word' id='word_1_71' title='bbox 566 1134 710 1224; x_wconf 76' lang='grc' dir='ltr'><strong><em>δευτέρω</em></strong></span> <span class='ocrx_word' id='word_1_72' title='bbox 728 1135 790 1201; x_wconf 92' lang='grc' dir='ltr'><strong><em>τοῦ</em></strong></span> <span class='ocrx_word' id='word_1_73' title='bbox 808 1135 934 1220; x_wconf 79' lang='grc' dir='ltr'><strong><em>νοητοῦ</em></strong></span> <span class='ocrx_word' id='word_1_74' title='bbox 956 1132 1095 1221; x_wconf 91' lang='grc' dir='ltr'><strong><em>κόσμου,</em></strong></span> <span class='ocrx_word' id='word_1_75' title='bbox 1160 1201 1162 1204; x_wconf 86' lang='grc'>.</span> 
     </span>
     <span class='ocr_line' id='line_1_11' title="bbox 35 1235 1096 1328; baseline -0.003 -19"><span class='ocrx_word' id='word_1_76' title='bbox 35 1271 65 1310; x_wconf 80' lang='grc' dir='ltr'><strong><em>ιο</em></strong></span> <span class='ocrx_word' id='word_1_77' title='bbox 80 1239 313 1327; x_wconf 80' lang='grc' dir='ltr'><strong><em>πρεσβυτέρως</em></strong></span> <span class='ocrx_word' id='word_1_78' title='bbox 332 1237 369 1307; x_wconf 73' lang='grc' dir='ltr'><strong><em>δέ</em></strong></span> <span class='ocrx_word' id='word_1_79' title='bbox 397 1245 444 1307; x_wconf 82' lang='grc' dir='ltr'><strong><em>ἐτι</em></strong></span> <span class='ocrx_word' id='word_1_80' title='bbox 463 1237 519 1307; x_wconf 85' lang='grc' dir='ltr'><strong><em>διά</em></strong></span> <span class='ocrx_word' id='word_1_81' title='bbox 541 1236 602 1306; x_wconf 91' lang='grc' dir='ltr'><strong><em>τὸν</em></strong></span> <span class='ocrx_word' id='word_1_82' title='bbox 620 1237 758 1307; x_wconf 91' lang='grc' dir='ltr'><strong><em>πάντων</em></strong></span> <span class='ocrx_word' id='word_1_83' title='bbox 784 1241 932 1327; x_wconf 79' lang='grc' dir='ltr'><strong><em>βασιλέα,</em></strong></span> <span class='ocrx_word' id='word_1_84' title='bbox 959 1240 1034 1328; x_wconf 81' lang='grc' dir='ltr'><strong><em>περὶ</em></strong></span> <span class='ocrx_word' id='word_1_85' title='bbox 1054 1235 1096 1307; x_wconf 87' lang='grc' dir='ltr'><strong><em>δν</em></strong></span> 
     </span>
     <span class='ocr_line' id='line_1_12' title="bbox 78 1336 1096 1431; baseline 0 -19"><span class='ocrx_word' id='word_1_86' title='bbox 78 1343 191 1412; x_wconf 87' lang='grc' dir='ltr'><strong><em>πάντα</em></strong></span> <span class='ocrx_word' id='word_1_87' title='bbox 227 1346 326 1414; x_wconf 88' lang='grc' dir='ltr'><strong><em>ἐστίν.</em></strong></span> <span class='ocrx_word' id='word_1_88' title='bbox 377 1336 476 1426; x_wconf 80' lang='grc' dir='ltr'><strong><em>οὗτος</em></strong></span> <span class='ocrx_word' id='word_1_89' title='bbox 506 1351 641 1431; x_wconf 90' lang='grc' dir='ltr'><strong><em>τοίνυν,</em></strong></span> <span class='ocrx_word' id='word_1_90' title='bbox 678 1354 743 1413; x_wconf 77' lang='grc' dir='ltr'><strong><em>εἴτε</em></strong></span> <span class='ocrx_word' id='word_1_91' title='bbox 773 1343 811 1413; x_wconf 91' lang='grc' dir='ltr'><strong><em>τὸ</em></strong></span> <span class='ocrx_word' id='word_1_92' title='bbox 850 1347 999 1414; x_wconf 89' lang='grc' dir='ltr'><strong><em>ἐπέκεινα</em></strong></span> <span class='ocrx_word' id='word_1_93' title='bbox 1034 1346 1096 1412; x_wconf 93' lang='grc' dir='ltr'><strong><em>τοῦ</em></strong></span> 
     </span>
     <span class='ocr_line' id='line_1_13' title="bbox 80 1447 1139 1539; baseline -0.001 -21"><span class='ocrx_word' id='word_1_94' title='bbox 80 1453 148 1519; x_wconf 90' lang='grc' dir='ltr'><strong><em>νοῦ</em></strong></span> <span class='ocrx_word' id='word_1_95' title='bbox 178 1459 292 1520; x_wconf 74' lang='grc' dir='ltr'><strong><em>καλεῖν</em></strong></span> <span class='ocrx_word' id='word_1_96' title='bbox 325 1447 431 1520; x_wconf 80' lang='grc' dir='ltr'><strong><em>αὐτὸν</em></strong></span> <span class='ocrx_word' id='word_1_97' title='bbox 461 1453 560 1539; x_wconf 91' lang='grc' dir='ltr'><strong><em>θέμις</em></strong></span> <span class='ocrx_word' id='word_1_98' title='bbox 591 1460 655 1519; x_wconf 82' lang='grc' dir='ltr'><strong><em>είτε</em></strong></span> <span class='ocrx_word' id='word_1_99' title='bbox 692 1453 788 1520; x_wconf 73' lang='grc' dir='ltr'><strong><em>ἰδέαν</em></strong></span> <span class='ocrx_word' id='word_1_100' title='bbox 819 1454 887 1520; x_wconf 82' lang='grc' dir='ltr'><strong><em>των</em></strong></span> <span class='ocrx_word' id='word_1_101' title='bbox 919 1449 1044 1537; x_wconf 83' lang='grc' dir='ltr'><strong><em>όντων,</em></strong></span> <span class='ocrx_word' id='word_1_102' title='bbox 1076 1447 1139 1520; x_wconf 67' lang='grc' dir='ltr'><strong><em>δί)</em></strong></span> 
     </span>
     <span class='ocr_line' id='line_1_14' title="bbox 81 1554 1097 1646; baseline 0 -21"><span class='ocrx_word' id='word_1_103' title='bbox 81 1556 126 1644; x_wconf 83' lang='grc' dir='ltr'><strong><em>δή</em></strong></span> <span class='ocrx_word' id='word_1_104' title='bbox 154 1584 240 1645; x_wconf 91' lang='grc' dir='ltr'><strong><em>φημι</em></strong></span> <span class='ocrx_word' id='word_1_105' title='bbox 267 1555 304 1626; x_wconf 87' lang='grc' dir='ltr'><strong><em>τὸ</em></strong></span> <span class='ocrx_word' id='word_1_106' title='bbox 333 1554 458 1645; x_wconf 84' lang='grc' dir='ltr'><strong><em>νοητὸν</em></strong></span> <span class='ocrx_word' id='word_1_107' title='bbox 476 1556 623 1646; x_wconf 82' lang='grc' dir='ltr'><strong><em>ξύμπαν,</em></strong></span> <span class='ocrx_word' id='word_1_108' title='bbox 651 1566 715 1625; x_wconf 77' lang='grc' dir='ltr'><strong><em>εἴτε</em></strong></span> <span class='ocrx_word' id='word_1_109' title='bbox 739 1559 791 1644; x_wconf 84' lang='grc' dir='ltr'><strong><em>έν,</em></strong></span> <span class='ocrx_word' id='word_1_110' title='bbox 820 1555 932 1645; x_wconf 77' lang='grc' dir='ltr'><strong><em>ἐπειδὴ</em></strong></span> <span class='ocrx_word' id='word_1_111' title='bbox 961 1556 1097 1626; x_wconf 88' lang='grc' dir='ltr'><strong><em>πάντων</em></strong></span> 
     </span>
     <span class='ocr_line' id='line_1_15' title="bbox 79 1659 1095 1752; baseline 0.001 -22"><span class='ocrx_word' id='word_1_112' title='bbox 79 1659 120 1731; x_wconf 89' lang='grc' dir='ltr'><strong><em>τὸ</em></strong></span> <span class='ocrx_word' id='word_1_113' title='bbox 148 1667 186 1731; x_wconf 72' lang='grc' dir='ltr'><strong><em>ἓν</em></strong></span> <span class='ocrx_word' id='word_1_114' title='bbox 218 1668 313 1732; x_wconf 79' lang='grc' dir='ltr'><strong><em>δοκεῖ</em></strong></span> <span class='ocrx_word' id='word_1_115' title='bbox 336 1689 407 1744; x_wconf 87' lang='grc' dir='ltr'><strong><em>πως</em></strong></span> <span class='ocrx_word' id='word_1_116' title='bbox 432 1662 677 1752; x_wconf 84' lang='grc' dir='ltr'><strong><em>πρεσβύτατον,</em></strong></span> <span class='ocrx_word' id='word_1_117' title='bbox 710 1673 774 1732; x_wconf 72' lang='grc' dir='ltr'><strong><em>εἴτε</em></strong></span> <span class='ocrx_word' id='word_1_118' title='bbox 806 1660 825 1732; x_wconf 85' lang='grc' dir='ltr'><strong><em>δ</em></strong></span> <span class='ocrx_word' id='word_1_119' title='bbox 852 1663 996 1732; x_wconf 83' lang='grc' dir='ltr'><strong><em>Πλάτων</em></strong></span> <span class='ocrx_word' id='word_1_120' title='bbox 1023 1672 1095 1731; x_wconf 80' lang='grc' dir='ltr'><strong><em>είω-</em></strong></span> 
     </span>
     <span class='ocr_line' id='line_1_16' title="bbox 39 1761 1097 1859; baseline -0.004 -19"><span class='ocrx_word' id='word_1_121' title='bbox 39 1800 66 1840; x_wconf 85' lang='lat'><strong><em>15</em></strong></span> <span class='ocrx_word' id='word_1_122' title='bbox 80 1779 147 1838; x_wconf 85' lang='grc' dir='ltr'><strong><em>θεν</em></strong></span> <span class='ocrx_word' id='word_1_123' title='bbox 179 1765 353 1856; x_wconf 80' lang='grc' dir='ltr'><strong><em>ὀνομάζειν</em></strong></span> <span class='ocrx_word' id='word_1_124' title='bbox 384 1766 551 1855; x_wconf 90' lang='grc' dir='ltr'><strong><em>τάγαθόν,</em></strong></span> <span class='ocrx_word' id='word_1_125' title='bbox 584 1766 668 1857; x_wconf 86' lang='grc' dir='ltr'><strong><em>αῦτη</em></strong></span> <span class='ocrx_word' id='word_1_126' title='bbox 702 1768 743 1859; x_wconf 80' lang='grc' dir='ltr'><strong><em>δὴ</em></strong></span> <span class='ocrx_word' id='word_1_127' title='bbox 776 1761 840 1838; x_wconf 86' lang='grc' dir='ltr'><strong><em>οῦν</em></strong></span> <span class='ocrx_word' id='word_1_128' title='bbox 871 1765 892 1858; x_wconf 77' lang='grc' dir='ltr'><em>ἡ</em></span> <span class='ocrx_word' id='word_1_129' title='bbox 920 1767 1097 1857; x_wconf 78' lang='grc' dir='ltr'><strong><em>μονοειδὴς</em></strong></span> 
     </span>
     <span class='ocr_line' id='line_1_17' title="bbox 79 1867 1096 1963; baseline -0.001 -20"><span class='ocrx_word' id='word_1_130' title='bbox 79 1878 151 1944; x_wconf 78' lang='grc' dir='ltr'><strong><em>τῶν</em></strong></span> <span class='ocrx_word' id='word_1_131' title='bbox 179 1872 267 1944; x_wconf 81' lang='grc' dir='ltr'><strong><em>ὅλων</em></strong></span> <span class='ocrx_word' id='word_1_132' title='bbox 299 1881 403 1962; x_wconf 80' lang='grc' dir='ltr'><strong><em>αἰτία,</em></strong></span> <span class='ocrx_word' id='word_1_133' title='bbox 436 1879 518 1944; x_wconf 84' lang='grc' dir='ltr'><strong><em>πᾶσι</em></strong></span> <span class='ocrx_word' id='word_1_134' title='bbox 549 1890 620 1957; x_wconf 78' lang='grc' dir='ltr'><strong><em>τοϊς</em></strong></span> <span class='ocrx_word' id='word_1_135' title='bbox 652 1867 751 1944; x_wconf 88' lang='grc' dir='ltr'><strong><em>οῦσιν</em></strong></span> <span class='ocrx_word' id='word_1_136' title='bbox 783 1876 986 1963; x_wconf 73' lang='grc' dir='ltr'><strong><em>ἐξηγουμένη</em></strong></span> <span class='ocrx_word' id='word_1_137' title='bbox 1018 1874 1096 1943; x_wconf 87' lang='grc' dir='ltr'><strong><em>κάλ-</em></strong></span> 
     </span>
     <span class='ocr_line' id='line_1_18' title="bbox 81 1980 1098 2070; baseline -0.002 -20"><span class='ocrx_word' id='word_1_138' title='bbox 81 1990 163 2062; x_wconf 88' lang='grc' dir='ltr'><strong><em>λους</em></strong></span> <span class='ocrx_word' id='word_1_139' title='bbox 194 2009 230 2050; x_wconf 88' lang='grc' dir='ltr'><strong><em>τε</em></strong></span> <span class='ocrx_word' id='word_1_140' title='bbox 261 1982 317 2051; x_wconf 78' lang='grc' dir='ltr'><strong><em>καὶ</em></strong></span> <span class='ocrx_word' id='word_1_141' title='bbox 348 1981 550 2070; x_wconf 86' lang='grc' dir='ltr'><strong><em>τελειότητος</em></strong></span> <span class='ocrx_word' id='word_1_142' title='bbox 583 1980 733 2062; x_wconf 74' lang='grc' dir='ltr'><strong><em>ἐνδόσεως</em></strong></span> <span class='ocrx_word' id='word_1_143' title='bbox 763 2008 798 2050; x_wconf 89' lang='grc' dir='ltr'><strong><em>τε</em></strong></span> <span class='ocrx_word' id='word_1_144' title='bbox 830 1982 886 2050; x_wconf 83' lang='grc' dir='ltr'><strong><em>καὶ</em></strong></span> <span class='ocrx_word' id='word_1_145' title='bbox 923 1980 1098 2067; x_wconf 90' lang='grc' dir='ltr'><strong><em>δυνάμεως</em></strong></span> 
     </span>
     <span class='ocr_line' id='line_1_19' title="bbox 80 2083 1096 2177; baseline -0.004 -21"><span class='ocrx_word' id='word_1_146' title='bbox 80 2084 272 2176; x_wconf 83' lang='grc' dir='ltr'><strong><em>ἀμηχάνου,</em></strong></span> <span class='ocrx_word' id='word_1_147' title='bbox 288 2086 383 2161; x_wconf 85' lang='grc' dir='ltr'><strong><em>,κατά</em></strong></span> <span class='ocrx_word' id='word_1_148' title='bbox 409 2086 472 2176; x_wconf 77' lang='grc' dir='ltr'><strong><em>τὴν</em></strong></span> <span class='ocrx_word' id='word_1_149' title='bbox 499 2090 536 2157; x_wconf 86' lang='grc' dir='ltr'><strong><em>ἐν</em></strong></span> <span class='ocrx_word' id='word_1_150' title='bbox 564 2083 648 2177; x_wconf 74' lang='grc' dir='ltr'><strong><em>αὐτῇ</em></strong></span> <span class='ocrx_word' id='word_1_151' title='bbox 663 2089 850 2175; x_wconf 89' lang='grc' dir='ltr'><strong><em>μένουσαν</em></strong></span> <span class='ocrx_word' id='word_1_152' title='bbox 877 2083 1096 2176; x_wconf 84' lang='grc' dir='ltr'><strong><em>πρωτουργόν</em></strong></span> 
     </span>
     <span class='ocr_line' id='line_1_20' title="bbox 81 2191 1097 2283; baseline -0.003 -21"><span class='ocrx_word' id='word_1_153' title='bbox 81 2191 214 2262; x_wconf 72' lang='grc' dir='ltr'><strong><em>οῦσίαν·</em></strong></span> <span class='ocrx_word' id='word_1_154' title='bbox 233 2196 337 2282; x_wconf 92' lang='grc' dir='ltr'><strong><em>μέσον</em></strong></span> <span class='ocrx_word' id='word_1_155' title='bbox 365 2197 401 2263; x_wconf 83' lang='grc' dir='ltr'><strong><em>ἐκ</em></strong></span> <span class='ocrx_word' id='word_1_156' title='bbox 427 2196 539 2283; x_wconf 87' lang='grc' dir='ltr'><strong><em>μέσων</em></strong></span> <span class='ocrx_word' id='word_1_157' title='bbox 565 2195 633 2263; x_wconf 75' lang='grc' dir='ltr'><strong><em>των</em></strong></span> <span class='ocrx_word' id='word_1_158' title='bbox 660 2196 791 2283; x_wconf 82' lang='grc' dir='ltr'><strong><em>νοερων</em></strong></span> <span class='ocrx_word' id='word_1_159' title='bbox 817 2195 874 2262; x_wconf 83' lang='grc' dir='ltr'><strong><em>καὶ</em></strong></span> <span class='ocrx_word' id='word_1_160' title='bbox 902 2198 1097 2281; x_wconf 90' lang='grc' dir='ltr'><strong><em>δημιουργι-</em></strong></span> 
     </span>
     <span class='ocr_line' id='line_1_21' title="bbox 38 2297 1150 2389; baseline -0.008 -17"><span class='ocrx_word' id='word_1_161' title='bbox 38 2332 66 2372; x_wconf 77' lang='grc' dir='ltr'><strong><em>εο</em></strong></span> <span class='ocrx_word' id='word_1_162' title='bbox 80 2303 153 2369; x_wconf 84' lang='grc' dir='ltr'><strong><em>κῦν</em></strong></span> <span class='ocrx_word' id='word_1_163' title='bbox 180 2303 298 2369; x_wconf 77' lang='grc' dir='ltr'><strong><em>αἰτιῶν</em></strong></span> <span class='ocrx_word' id='word_1_164' title='bbox 315 2297 435 2369; x_wconf 84' lang='grc' dir='ltr'><strong><em>Ἥλιον</em></strong></span> <span class='ocrx_word' id='word_1_165' title='bbox 462 2298 547 2370; x_wconf 83' lang='grc' dir='ltr'><strong><em>θεὸν</em></strong></span> <span class='ocrx_word' id='word_1_166' title='bbox 573 2302 730 2389; x_wconf 84' lang='grc' dir='ltr'><strong><em>μέγιστον</em></strong></span> <span class='ocrx_word' id='word_1_167' title='bbox 757 2297 928 2388; x_wconf 83' lang='grc' dir='ltr'><strong><em>ἀνέφηνεν</em></strong></span> <span class='ocrx_word' id='word_1_168' title='bbox 955 2300 988 2379; x_wconf 82' lang='grc' dir='ltr'><strong><em>ἐξ</em></strong></span> <span class='ocrx_word' id='word_1_169' title='bbox 1014 2299 1091 2366; x_wconf 79' lang='grc' dir='ltr'><strong><em>ἑαυ-</em></strong></span> <span class='ocrx_word' id='word_1_170' title='bbox 1100 2315 1150 2363; x_wconf 84' lang='grc'><strong><em>133</em></strong></span> 
     </span>
     <span class='ocr_line' id='line_1_22' title="bbox 80 2401 1099 2499; baseline -0.002 -25"><span class='ocrx_word' id='word_1_171' title='bbox 80 2409 144 2475; x_wconf 87' lang='grc' dir='ltr'><strong><em>τοῦ</em></strong></span> <span class='ocrx_word' id='word_1_172' title='bbox 170 2406 280 2475; x_wconf 93' lang='grc' dir='ltr'><strong><em>πάντα</em></strong></span> <span class='ocrx_word' id='word_1_173' title='bbox 309 2403 428 2494; x_wconf 81' lang='grc' dir='ltr'><strong><em>ὅμοιον</em></strong></span> <span class='ocrx_word' id='word_1_174' title='bbox 455 2408 576 2499; x_wconf 73' lang='grc' dir='ltr'><strong><em>ἑαυτῷ·</em></strong></span> <span class='ocrx_word' id='word_1_175' title='bbox 609 2406 761 2496; x_wconf 89' lang='grc' dir='ltr'><strong><em>καθάπερ</em></strong></span> <span class='ocrx_word' id='word_1_176' title='bbox 793 2407 850 2476; x_wconf 77' lang='grc' dir='ltr'><strong><em>καὶ</em></strong></span> <span class='ocrx_word' id='word_1_177' title='bbox 878 2401 896 2475; x_wconf 89' lang='grc' dir='ltr'><strong><em>ό</em></strong></span> <span class='ocrx_word' id='word_1_178' title='bbox 925 2404 1099 2494; x_wconf 88' lang='grc' dir='ltr'><strong><em>δαιμόνιος</em></strong></span> 
     </span>
     <span class='ocr_line' id='line_1_23' title="bbox 74 2503 1098 2600; baseline -0.002 -20"><span class='ocrx_word' id='word_1_179' title='bbox 74 2521 189 2581; x_wconf 59' lang='grc' dir='ltr'><strong><em>Δοἴεται</em></strong></span> <span class='ocrx_word' id='word_1_180' title='bbox 215 2512 369 2600; x_wconf 85' lang='grc' dir='ltr'><strong><em>Πλάτων,</em></strong></span> <span class='ocrx_word' id='word_1_181' title='bbox 397 2516 551 2599; x_wconf 72' lang='grc' dir='ltr'><strong><em>,Τοῦτον</em></strong></span> <span class='ocrx_word' id='word_1_182' title='bbox 578 2519 711 2599; x_wconf 91' lang='grc' dir='ltr'><strong><em>τοίνυν,</em></strong></span> <span class='ocrx_word' id='word_1_183' title='bbox 739 2514 861 2600; x_wconf 88' lang='grc' dir='ltr'><strong><em>λέγων,</em></strong></span> <span class='ocrx_word' id='word_1_184' title='bbox 888 2503 933 2600; x_wconf 80' lang='grc' dir='ltr'><strong><em>ἦν</em></strong></span> <span class='ocrx_word' id='word_1_185' title='bbox 960 2509 993 2580; x_wconf 85' lang='grc' dir='ltr'><strong><em>δ’</em></strong></span> <span class='ocrx_word' id='word_1_186' title='bbox 1024 2510 1098 2597; x_wconf 77' lang='grc' dir='ltr'><strong><em>ἐγώ,</em></strong></span> 
     </span>
     <span class='ocr_line' id='line_1_24' title="bbox 82 2614 1098 2707; baseline -0.002 -20"><span class='ocrx_word' id='word_1_187' title='bbox 82 2619 192 2706; x_wconf 88' lang='grc' dir='ltr'><strong><em>φάναι</em></strong></span> <span class='ocrx_word' id='word_1_188' title='bbox 218 2647 258 2707; x_wconf 91' lang='grc' dir='ltr'><strong><em>με</em></strong></span> <span class='ocrx_word' id='word_1_189' title='bbox 284 2620 393 2706; x_wconf 88' lang='grc' dir='ltr'><strong><em>λέγειν</em></strong></span> <span class='ocrx_word' id='word_1_190' title='bbox 419 2619 479 2687; x_wconf 87' lang='grc' dir='ltr'><strong><em>τὸν</em></strong></span> <span class='ocrx_word' id='word_1_191' title='bbox 506 2621 567 2687; x_wconf 89' lang='grc' dir='ltr'><strong><em>τοῦ</em></strong></span> <span class='ocrx_word' id='word_1_192' title='bbox 585 2615 721 2704; x_wconf 77' lang='grc' dir='ltr'><strong><em>ἀγαθοῦ</em></strong></span> <span class='ocrx_word' id='word_1_193' title='bbox 748 2624 902 2705; x_wconf 82' lang='grc' dir='ltr'><strong><em>ἔκγονον,</em></strong></span> <span class='ocrx_word' id='word_1_194' title='bbox 930 2615 971 2687; x_wconf 85' lang='grc' dir='ltr'><strong><em>δν</em></strong></span> <span class='ocrx_word' id='word_1_195' title='bbox 997 2614 1098 2704; x_wconf 87' lang='grc' dir='ltr'><strong><em>τάγα-</em></strong></span> 
     </span>
     <span class='ocr_line' id='line_1_25' title="bbox 167 2749 1098 2851; baseline -0.003 -16"><span class='ocrx_word' id='word_1_196' title='bbox 167 2779 330 2849; x_wconf 71' lang='grc' dir='ltr'><strong><em>θάρκτέον</em></strong></span> <span class='ocrx_word' id='word_1_197' title='bbox 352 2782 433 2851; x_wconf 83' lang='lat' dir='ltr'><strong>Cob]</strong></span> <span class='ocrx_word' id='word_1_198' title='bbox 459 2749 563 2851; x_wconf 72' lang='grc' dir='ltr'><strong><em>όητέον</em></strong></span> <span class='ocrx_word' id='word_1_199' title='bbox 594 2784 598 2849; x_wconf 90' lang='grc' dir='ltr'>Ι</span> <span class='ocrx_word' id='word_1_200' title='bbox 631 2779 756 2838; x_wconf 80' lang='grc' dir='ltr'><strong><em>ἐνθένδε</em></strong></span> <span class='ocrx_word' id='word_1_201' title='bbox 781 2783 861 2850; x_wconf 76' lang='lat' dir='ltr'><strong>Cobl</strong></span> <span class='ocrx_word' id='word_1_202' title='bbox 891 2781 987 2837; x_wconf 75' lang='grc' dir='ltr'><strong><em>ἔνθεν.</em></strong></span> <span class='ocrx_word' id='word_1_203' title='bbox 1022 2784 1098 2835; x_wconf 83' lang='lat' dir='ltr'><strong>Idem</strong></span> 
     </span>
     <span class='ocr_line' id='line_1_26' title="bbox 82 2844 1097 2905; baseline -0.002 -4"><span class='ocrx_word' id='word_1_204' title='bbox 82 2852 130 2902; x_wconf 84' lang='lat' dir='ltr'><strong><em>vel</em></strong></span> <span class='ocrx_word' id='word_1_205' title='bbox 156 2844 297 2905; x_wconf 80' lang='grc' dir='ltr'><strong><em>ἐντεῦθεν</em></strong></span> <span class='ocrx_word' id='word_1_206' title='bbox 326 2853 529 2904; x_wconf 78' lang='lat' dir='ltr'><strong>restituendum</strong></span> <span class='ocrx_word' id='word_1_207' title='bbox 559 2854 642 2903; x_wconf 75' lang='lat'><strong>1223</strong></span> <span class='ocrx_word' id='word_1_208' title='bbox 670 2853 753 2904; x_wconf 78' lang='lat' dir='ltr'>136ss</span> <span class='ocrx_word' id='word_1_209' title='bbox 782 2853 866 2905; x_wconf 77' lang='lat' dir='ltr'>152ss</span> <span class='ocrx_word' id='word_1_210' title='bbox 893 2852 978 2904; x_wconf 78' lang='lat' dir='ltr'>156A</span> <span class='ocrx_word' id='word_1_211' title='bbox 1004 2853 1055 2901; x_wconf 84' lang='grc'><strong><em>264</em></strong></span> <span class='ocrx_word' id='word_1_212' title='bbox 1072 2853 1097 2899; x_wconf 91' lang='lat' dir='ltr'>D</span> 
     </span>
     <span class='ocr_line' id='line_1_27' title="bbox 82 2911 1099 2986; baseline -0.001 -15"><span class='ocrx_word' id='word_1_213' title='bbox 82 2923 134 2971; x_wconf 84' lang='lat'><strong><em>340</em></strong></span> <span class='ocrx_word' id='word_1_214' title='bbox 146 2921 171 2970; x_wconf 81' lang='grc' dir='ltr'><strong><em>ω</em></strong></span> <span class='ocrx_word' id='word_1_215' title='bbox 190 2921 277 2972; x_wconf 81' lang='lat'><strong>3591)</strong></span> <span class='ocrx_word' id='word_1_216' title='bbox 294 2922 381 2971; x_wconf 79' lang='lat' dir='ltr'>443ss</span> <span class='ocrx_word' id='word_1_217' title='bbox 449 2923 467 2971; x_wconf 83' lang='lat'>4</span> <span class='ocrx_word' id='word_1_218' title='bbox 484 2913 595 2983; x_wconf 75' lang='grc' dir='ltr'><strong><em>ἀυῑεος</em></strong></span> <span class='ocrx_word' id='word_1_219' title='bbox 612 2936 641 2983; x_wconf 82' lang='lat' dir='ltr'><strong><em>v,</em></strong></span> <span class='ocrx_word' id='word_1_220' title='bbox 659 2911 767 2983; x_wconf 75' lang='grc' dir='ltr'><strong><em>ἁμιοος</em></strong></span> <span class='ocrx_word' id='word_1_221' title='bbox 785 2921 835 2970; x_wconf 89' lang='lat' dir='ltr'><strong><em>Mb</em></strong></span> <span class='ocrx_word' id='word_1_222' title='bbox 852 2918 856 2984; x_wconf 82' lang='grc' dir='ltr'>Ι</span> <span class='ocrx_word' id='word_1_223' title='bbox 873 2914 999 2986; x_wconf 64' lang='grc' dir='ltr'><strong><em>ἐσχάτων</em></strong></span> <span class='ocrx_word' id='word_1_224' title='bbox 1016 2917 1099 2970; x_wconf 74' lang='lat' dir='ltr'><strong><em>EFG</em></strong></span> 
     </span>
     <span class='ocr_line' id='line_1_28' title="bbox 82 2975 1099 3060; baseline 0.002 -24"><span class='ocrx_word' id='word_1_225' title='bbox 82 2988 194 3041; x_wconf 83' lang='lat' dir='ltr'><strong>6F0rt.</strong></span> <span class='ocrx_word' id='word_1_226' title='bbox 214 2977 373 3053; x_wconf 84' lang='grc' dir='ltr'><strong><em>ἀγέννητος</em></strong></span> <span class='ocrx_word' id='word_1_227' title='bbox 442 2979 569 3038; x_wconf 79' lang='grc' dir='ltr'><strong><em>λάλλοῦ</em></strong></span> <span class='ocrx_word' id='word_1_228' title='bbox 585 3003 638 3049; x_wconf 89' lang='grc' dir='ltr'><strong><em>τον</em></strong></span> <span class='ocrx_word' id='word_1_229' title='bbox 655 2989 681 3038; x_wconf 87' lang='lat' dir='ltr'><strong>V</strong></span> <span class='ocrx_word' id='word_1_230' title='bbox 748 2980 887 3040; x_wconf 76' lang='grc' dir='ltr'><strong><em>θάελίου</em></strong></span> <span class='ocrx_word' id='word_1_231' title='bbox 904 2979 980 3051; x_wconf 84' lang='lat' dir='ltr'><strong>libri]</strong></span> <span class='ocrx_word' id='word_1_232' title='bbox 1001 2975 1099 3060; x_wconf 74' lang='grc' dir='ltr'><strong><em>ἡλίου.</em></strong></span> 
     </span>
     <span class='ocr_line' id='line_1_29' title="bbox 82 3050 1098 3134; baseline -0.002 -30"><span class='ocrx_word' id='word_1_233' title='bbox 82 3055 139 3106; x_wconf 85' lang='lat' dir='ltr'><strong>vid.</strong></span> <span class='ocrx_word' id='word_1_234' title='bbox 157 3054 309 3134; x_wconf 65' lang='lat' dir='ltr'><strong>iiorkelius</strong></span> <span class='ocrx_word' id='word_1_235' title='bbox 327 3072 354 3133; x_wconf 72' lang='grc' dir='ltr'><strong><em>μ.</em></strong></span> <span class='ocrx_word' id='word_1_236' title='bbox 371 3057 405 3106; x_wconf 78' lang='lat'><strong><em>26</em></strong></span> <span class='ocrx_word' id='word_1_237' title='bbox 428 3054 433 3120; x_wconf 91' lang='grc' dir='ltr'>Ι</span> <span class='ocrx_word' id='word_1_238' title='bbox 459 3053 511 3106; x_wconf 86' lang='grc' dir='ltr'><strong><em>τοῦ</em></strong></span> <span class='ocrx_word' id='word_1_239' title='bbox 529 3054 635 3134; x_wconf 81' lang='grc' dir='ltr'><strong><em>νοητοῦ</em></strong></span> <span class='ocrx_word' id='word_1_240' title='bbox 653 3050 761 3134; x_wconf 75' lang='grc' dir='ltr'><strong><em>κόσμου</em></strong></span> <span class='ocrx_word' id='word_1_241' title='bbox 779 3053 816 3120; x_wconf 90' lang='grc' dir='ltr'><strong><em>ΗΙ</em></strong></span> <span class='ocrx_word' id='word_1_242' title='bbox 835 3053 873 3122; x_wconf 80' lang='grc' dir='ltr'><strong><em>τῷ</em></strong></span> <span class='ocrx_word' id='word_1_243' title='bbox 892 3051 984 3118; x_wconf 79' lang='grc' dir='ltr'><strong><em>νοητῷ</em></strong></span> <span class='ocrx_word' id='word_1_244' title='bbox 1001 3065 1098 3120; x_wconf 81' lang='grc' dir='ltr'><strong><em>κοσμῳ</em></strong></span> 
     </span>
     <span class='ocr_line' id='line_1_30' title="bbox 86 3118 1099 3202; baseline -0.003 -30"><span class='ocrx_word' id='word_1_245' title='bbox 86 3125 118 3172; x_wconf 91' lang='grc'><strong><em>10</em></strong></span> <span class='ocrx_word' id='word_1_246' title='bbox 136 3139 187 3173; x_wconf 84' lang='grc' dir='ltr'><strong><em>τον</em></strong></span> <span class='ocrx_word' id='word_1_247' title='bbox 205 3119 281 3189; x_wconf 87' lang='lat' dir='ltr'>libri]</span> <span class='ocrx_word' id='word_1_248' title='bbox 302 3139 358 3174; x_wconf 83' lang='grc' dir='ltr'><strong><em>των</em></strong></span> <span class='ocrx_word' id='word_1_249' title='bbox 414 3179 422 3201; x_wconf 49' lang='lat'>‚</span> <span class='ocrx_word' id='word_1_250' title='bbox 440 3125 472 3174; x_wconf 79' lang='lat'><strong><em>13</em></strong></span> <span class='ocrx_word' id='word_1_251' title='bbox 495 3118 613 3202; x_wconf 72' lang='grc' dir='ltr'><strong><em>ξόμπμυ</em></strong></span> <span class='ocrx_word' id='word_1_252' title='bbox 631 3121 666 3187; x_wconf 90' lang='lat' dir='ltr'><strong><em>V]</em></strong></span> <span class='ocrx_word' id='word_1_253' title='bbox 687 3137 805 3200; x_wconf 60' lang='grc' dir='ltr'><strong><em>συμπαν,</em></strong></span> <span class='ocrx_word' id='word_1_254' title='bbox 880 3123 917 3198; x_wconf 44' lang='grc'><strong><em>,14</em></strong></span> <span class='ocrx_word' id='word_1_255' title='bbox 941 3119 1026 3201; x_wconf 59' lang='grc' dir='ltr'><strong><em>δρκεμ</em></strong></span> <span class='ocrx_word' id='word_1_256' title='bbox 1039 3136 1099 3178; x_wconf 86' lang='grc' dir='ltr'><strong><em>πως</em></strong></span> 
     </span>
     <span class='ocr_line' id='line_1_31' title="bbox 85 3184 1099 3255; baseline -0.004 -15"><span class='ocrx_word' id='word_1_257' title='bbox 85 3186 119 3253; x_wconf 76' lang='lat' dir='ltr'><strong><em>V]</em></strong></span> <span class='ocrx_word' id='word_1_258' title='bbox 140 3187 227 3241; x_wconf 81' lang='grc' dir='ltr'><strong><em>δοκεῖ</em></strong></span> <span class='ocrx_word' id='word_1_259' title='bbox 239 3184 277 3249; x_wconf 79' lang='grc' dir='ltr'><strong><em>ὡς</em></strong></span> <span class='ocrx_word' id='word_1_260' title='bbox 338 3192 370 3241; x_wconf 88' lang='lat'><strong><em>15</em></strong></span> <span class='ocrx_word' id='word_1_261' title='bbox 388 3189 531 3255; x_wconf 77' lang='grc' dir='ltr'><strong><em>ταγαδον,</em></strong></span> <span class='ocrx_word' id='word_1_262' title='bbox 551 3207 625 3255; x_wconf 83' lang='grc' dir='ltr'><strong><em>αντη</em></strong></span> <span class='ocrx_word' id='word_1_263' title='bbox 643 3188 718 3254; x_wconf 86' lang='lat' dir='ltr'>libri]</span> <span class='ocrx_word' id='word_1_264' title='bbox 738 3204 771 3240; x_wconf 92' lang='grc' dir='ltr'><strong><em>το</em></strong></span> <span class='ocrx_word' id='word_1_265' title='bbox 789 3188 913 3254; x_wconf 80' lang='grc' dir='ltr'><strong><em>ἀγαθον.</em></strong></span> <span class='ocrx_word' id='word_1_266' title='bbox 938 3203 1012 3251; x_wconf 88' lang='grc' dir='ltr'><strong><em>αντη</em></strong></span> <span class='ocrx_word' id='word_1_267' title='bbox 1068 3189 1099 3237; x_wconf 78' lang='grc'><strong><em>17</em></strong></span> 
     </span>
     <span class='ocr_line' id='line_1_32' title="bbox 84 3249 1100 3324; baseline -0.002 -17"><span class='ocrx_word' id='word_1_268' title='bbox 84 3250 258 3317; x_wconf 76' lang='grc' dir='ltr'><strong><em>τελειώσεως</em></strong></span> <span class='ocrx_word' id='word_1_269' title='bbox 276 3260 300 3308; x_wconf 92' lang='lat' dir='ltr'>V</span> <span class='ocrx_word' id='word_1_270' title='bbox 317 3274 353 3307; x_wconf 90' lang='lat' dir='ltr'><strong><em>m.</em></strong></span> <span class='ocrx_word' id='word_1_271' title='bbox 371 3274 427 3324; x_wconf 65' lang='lat' dir='ltr'><strong><em>pr„</em></strong></span> <span class='ocrx_word' id='word_1_272' title='bbox 451 3274 486 3308; x_wconf 86' lang='lat' dir='ltr'><strong><em>m.</em></strong></span> <span class='ocrx_word' id='word_1_273' title='bbox 506 3274 528 3308; x_wconf 83' lang='grc' dir='ltr'><strong><em>ε.</em></strong></span> <span class='ocrx_word' id='word_1_274' title='bbox 547 3257 689 3323; x_wconf 74' lang='lat' dir='ltr'>vulgatum</span> <span class='ocrx_word' id='word_1_275' title='bbox 708 3272 739 3306; x_wconf 77' lang='lat' dir='ltr'><strong><em>ru</em></strong></span> <span class='ocrx_word' id='word_1_276' title='bbox 760 3273 791 3306; x_wconf 81' lang='lat' dir='ltr'><strong><em>ra</em></strong></span> <span class='ocrx_word' id='word_1_277' title='bbox 809 3257 920 3320; x_wconf 79' lang='lat' dir='ltr'><strong>scripsit</strong></span> <span class='ocrx_word' id='word_1_278' title='bbox 1001 3255 1033 3304; x_wconf 89' lang='lat'><strong><em>18</em></strong></span> <span class='ocrx_word' id='word_1_279' title='bbox 1050 3249 1100 3320; x_wconf 84' lang='grc' dir='ltr'><strong><em>με’-</em></strong></span> 
     </span>
     <span class='ocr_line' id='line_1_33' title="bbox 86 3273 1101 3390; baseline -0.004 -14"><span class='ocrx_word' id='word_1_280' title='bbox 86 3338 195 3376; x_wconf 87' lang='grc' dir='ltr'><strong><em>νσυσαν</em></strong></span> <span class='ocrx_word' id='word_1_281' title='bbox 212 3322 290 3390; x_wconf 81' lang='lat' dir='ltr'><strong>libri]</strong></span> <span class='ocrx_word' id='word_1_282' title='bbox 310 3321 437 3390; x_wconf 84' lang='grc' dir='ltr'><strong><em>μένουσα</em></strong></span> <span class='ocrx_word' id='word_1_283' title='bbox 483 3324 645 3378; x_wconf 60' lang='grc' dir='ltr'><strong><em>2οθεῶνλ</em></strong></span> <span class='ocrx_word' id='word_1_284' title='bbox 691 3273 920 3376; x_wconf 60' lang='lat' dir='ltr'><strong><em>‘albionum</em></strong></span> <span class='ocrx_word' id='word_1_285' title='bbox 939 3319 1050 3387; x_wconf 79' lang='lat' dir='ltr'><strong>(inquo</strong></span> <span class='ocrx_word' id='word_1_286' title='bbox 1069 3313 1101 3372; x_wconf 83' lang='grc' dir='ltr'><strong><em>ἐν</em></strong></span> 
     </span>
     <span class='ocr_line' id='line_1_34' title="bbox 87 3383 1101 3456; baseline -0.002 -14"><span class='ocrx_word' id='word_1_287' title='bbox 87 3392 178 3444; x_wconf 75' lang='lat' dir='ltr'><strong>altera</strong></span> <span class='ocrx_word' id='word_1_288' title='bbox 206 3408 291 3443; x_wconf 81' lang='lat' dir='ltr'><strong>manu</strong></span> <span class='ocrx_word' id='word_1_289' title='bbox 321 3393 459 3456; x_wconf 83' lang='lat' dir='ltr'><strong>deletum)</strong></span> <span class='ocrx_word' id='word_1_290' title='bbox 488 3393 597 3444; x_wconf 82' lang='lat' dir='ltr'><strong>MbEF</strong></span> <span class='ocrx_word' id='word_1_291' title='bbox 683 3393 716 3441; x_wconf 79' lang='lat'><strong><em>22</em></strong></span> <span class='ocrx_word' id='word_1_292' title='bbox 745 3383 880 3456; x_wconf 87' lang='grc' dir='ltr'><strong><em>Πλάτων]</em></strong></span> <span class='ocrx_word' id='word_1_293' title='bbox 909 3391 943 3440; x_wconf 83' lang='lat' dir='ltr'><strong><em>de</em></strong></span> <span class='ocrx_word' id='word_1_294' title='bbox 969 3390 1036 3454; x_wconf 83' lang='lat' dir='ltr'>Rep.</span> <span class='ocrx_word' id='word_1_295' title='bbox 1061 3390 1101 3440; x_wconf 91' lang='lat' dir='ltr'><strong><em>VI</em></strong></span> 
     </span>
    </p>
   </div>
   <div class='ocr_carea' id='block_1_3' title="bbox 85 3447 1188 3594">
    <p class='ocr_par' dir='ltr' id='par_1_3' title="bbox 85 3447 1188 3594">
     <span class='ocr_line' id='line_1_35' title="bbox 85 3447 1188 3528; baseline -0.005 -17"><span class='ocrx_word' id='word_1_296' title='bbox 85 3459 168 3511; x_wconf 74' lang='lat' dir='ltr'><strong><em>508ss</em></strong></span> <span class='ocrx_word' id='word_1_297' title='bbox 194 3462 200 3521; x_wconf 95' lang='grc' dir='ltr'>Ι</span> <span class='ocrx_word' id='word_1_298' title='bbox 232 3447 269 3526; x_wconf 81' lang='grc' dir='ltr'><strong><em>ἦν</em></strong></span> <span class='ocrx_word' id='word_1_299' title='bbox 289 3452 318 3511; x_wconf 89' lang='grc' dir='ltr'><strong><em>δ’</em></strong></span> <span class='ocrx_word' id='word_1_300' title='bbox 339 3452 392 3527; x_wconf 75' lang='grc' dir='ltr'><strong><em>ἐγὼ</em></strong></span> <span class='ocrx_word' id='word_1_301' title='bbox 409 3457 475 3528; x_wconf 89' lang='lat' dir='ltr'><strong><em>Mb]</em></strong></span> <span class='ocrx_word' id='word_1_302' title='bbox 494 3448 532 3526; x_wconf 79' lang='grc' dir='ltr'><strong><em>ἦν</em></strong></span> <span class='ocrx_word' id='word_1_303' title='bbox 551 3456 584 3511; x_wconf 72' lang='grc' dir='ltr'><strong><em>δὲ</em></strong></span> <span class='ocrx_word' id='word_1_304' title='bbox 602 3451 657 3523; x_wconf 80' lang='grc' dir='ltr'><strong><em>ἐγοδ</em></strong></span> <span class='ocrx_word' id='word_1_305' title='bbox 726 3461 758 3510; x_wconf 81' lang='grc'><strong><em>23</em></strong></span> <span class='ocrx_word' id='word_1_306' title='bbox 781 3456 926 3525; x_wconf 86' lang='grc' dir='ltr'><strong><em>φαίνομαι</em></strong></span> <span class='ocrx_word' id='word_1_307' title='bbox 944 3457 1010 3507; x_wconf 85' lang='lat' dir='ltr'><strong>libri</strong></span> <span class='ocrx_word' id='word_1_308' title='bbox 1035 3455 1039 3522; x_wconf 92' lang='grc' dir='ltr'>Ι</span> <span class='ocrx_word' id='word_1_309' title='bbox 1066 3447 1101 3507; x_wconf 82' lang='grc' dir='ltr'><strong><em>δν</em></strong></span> <span class='ocrx_word' id='word_1_310' title='bbox 1185 3517 1188 3522; x_wconf 85' lang='lat'>.</span> 
     </span>
     <span class='ocr_line' id='line_1_36' title="bbox 86 3519 548 3594; baseline -0.004 -16"><span class='ocrx_word' id='word_1_311' title='bbox 86 3519 207 3592; x_wconf 80' lang='grc' dir='ltr'><strong><em>ἀγαθὸν</em></strong></span> <span class='ocrx_word' id='word_1_312' title='bbox 225 3520 362 3593; x_wconf 83' lang='grc' dir='ltr'><strong><em>ἐγέννησε</em></strong></span> <span class='ocrx_word' id='word_1_313' title='bbox 381 3520 466 3594; x_wconf 91' lang='grc' dir='ltr'><strong><em>λόγον</em></strong></span> <span class='ocrx_word' id='word_1_314' title='bbox 483 3527 548 3577; x_wconf 88' lang='lat' dir='ltr'><strong>libri</strong></span> 
     </span>
    </p>
   </div>
   <div class='ocr_carea' id='block_1_4' title="bbox 0 0 1239 3870">
    <p class='ocr_par' dir='ltr' id='par_1_4' title="bbox 0 0 1239 3870">
     <span class='ocr_line' id='line_1_37' title="bbox 0 0 1239 3870; baseline 0 0"><span class='ocrx_word' id='word_1_315' title='bbox 0 0 1239 3870; x_wconf 95' lang='lat' dir='ltr'><strong><em> </em></strong></span> 
     </span>
    </p>
   </div>
  </div>
 </body>
</html>
