2446 3870
497 155 633 206 omum
652 156 684 205 v.
1042 158 1105 222 219

92 279 154 368 μὲν
181 278 237 349 διὰ
268 279 348 362 τούς
379 279 560 369 μυστικούς
587 283 643 351 καὶ
675 287 842 373 κρυφίους
867 284 1031 371 δεσμούς,
1063 283 1104 354 τὰ

92 385 130 455 δὲ
157 388 212 454 καί
240 389 388 476 ῥηθῆναι
415 389 496 456 πᾶσι
524 389 744 476 δυναμένους.
785 383 805 474 ἡ
834 387 872 456 δὲ
896 387 1016 477 ἐπιτομὴ
1043 395 1105 460 τοῦ

92 493 249 582 δένδρου,
276 496 375 561 τοῦτο
405 491 442 561 δὲ
469 495 509 582 τῇ
535 493 597 581 μὲν
625 497 754 584 ίστορίιγ
781 493 940 582 προσήκει
966 498 1006 584 τῇ
1029 498 1104 582 περὶ

89 595 149 665 τὸν
168 598 311 684 Γάλλον,
339 595 441 667 οὐδὲν
468 598 506 667 δὲ
527 608 598 680 τοίς
615 605 826 688 μυστηρίοις,
855 594 906 681 οἷς
932 610 1104 692 παραλαμ-
1153 645 1156 651 ·

64 703 244 791 εβύνεται,
273 703 504 775 διδασκόντων
531 701 617 793 ἡμᾶς
644 703 736 792 οἶμαι
763 707 831 773 τῶν
858 709 950 775 θεῶν
978 714 1104 794 συμβο-

91 812 207 896 λικῶς,
245 807 297 878 ὅτι
328 807 389 901 χρὴ
422 806 459 878 τὸ
491 810 668 880 κάλλιστον
700 813 735 879 ἐκ
768 813 828 899 γῆς
865 814 1104 900 δρεψαμένους,

28 969 31 972 .
92 911 213 1003 αἰρετὴν
240 914 321 1002 μετὰ
340 913 520 1004 εὐσεβείας,
548 913 744 1002 ἀπενεγκεῖν
766 919 806 1005 τῇ
824 919 905 1008 θεῷ,
933 916 1105 1005 σύμβολον

90 1023 148 1109 τῆς
175 1024 325 1091 ἐνταῦθα
351 1025 495 1112 χρηστῆς
512 1025 677 1102 πολιτείας
704 1020 873 1109 ἐσόμενον,
914 1020 951 1091 τό
971 1023 1034 1112 γύρ
1052 1050 1105 1092 τοι

91 1128 236 1217 δένδρον
263 1129 299 1197 ἐκ
330 1130 392 1216 γῆς
419 1126 480 1215 μὲν
512 1127 646 1215 φύεται,
678 1127 815 1196 σπεύδει
848 1127 884 1197 δὲ
918 1126 1027 1218 ὥσπερ
1055 1134 1138 1211 είςΒ

51 1230 150 1302 ιοτδν
182 1229 304 1323 αίθέρα
335 1235 391 1302 καὶ
424 1238 510 1301 ἰδεῖν
537 1235 574 1302 τέ
599 1236 668 1304 ἐστι
700 1235 770 1320 [καὶ
804 1231 972 1322 ὀφθῆναι]
1000 1232 1105 1304 καλδν

91 1341 147 1408 καὶ
175 1336 273 1409 σκιὰν
305 1353 489 1428 παρασχεῖν
516 1341 553 1408 ἐν
580 1346 705 1427 πνίγει,
732 1337 797 1427 ἤδη
826 1339 864 1408 δὲ
890 1341 946 1408 καὶ
974 1339 1104 1429 καρπὸν

92 1446 124 1527 ἐξ
156 1446 278 1513 ἑαυτοῦ
310 1452 492 1533 προβαλεῖν
524 1447 580 1515 καὶ
611 1452 829 1534 χαρίσασθαι·
868 1443 974 1527 οὕτως
1012 1443 1103 1539 αὐτῷ

92 1552 179 1619 πολύ
205 1557 240 1618 τί
263 1577 301 1636 γε
328 1553 391 1619 τού
418 1557 560 1638 γονίμου
584 1558 759 1642 περίεστιν.
799 1547 880 1639 ἡμῖν
908 1542 972 1620 οὖν
999 1547 1017 1620 ὁ
1045 1563 1102 1621 θε-

93 1654 177 1743 σμὸς
207 1656 476 1744 παρακελεύεται,
508 1671 579 1738 τοῖς
612 1656 713 1744 φύσει
745 1656 806 1744 μὲν
839 1654 1025 1746 οὐρανίοις,
1057 1663 1105 1739 είς

51 1785 78 1827 15
91 1765 157 1850 γῆν
184 1761 221 1830 δὲ
253 1765 454 1851 ἐνεχθείσιν,
487 1759 610 1853 ἀρετὴν
642 1760 723 1850 μετὰ
751 1759 921 1849 εὐσεβείας
953 1759 1018 1832 ἀπὸ
1045 1767 1104 1852 τῆς
1146 1749 1149 1756 ’

92 1871 129 1937 ἐν
154 1871 195 1958 τῇ
222 1871 265 1957 γῇ
292 1876 458 1949 πολιτείας
485 1865 719 1957 ὐμησαμένους
740 1866 830 1956 παρὰ
857 1864 919 1955 τὴν
946 1894 1102 1956 προγονι-

90 1972 154 2063 κὴν
191 1976 246 2043 καὶ
285 1975 455 2061 ζωογόνον
491 1974 650 2043 σπεύδειν
689 1973 782 2042 θεόν.
837 1970 942 2053 εὐθὺς
979 1966 1042 2042 οὖν
1084 1971 1142 2062 ric

91 2080 230 2166 σάλπιγξ
258 2078 339 2168 μετὰ
365 2078 427 2170 τὴν
454 2077 597 2168 ἐκτομὴν
629 2081 788 2148 ἐνδίδωσι
815 2076 852 2147 τὸ
881 2075 1103 2167 ἀνακλητικὸν

91 2189 137 2278 τῷ
160 2184 286 2255 ’Ἁττιδι
318 2188 374 2254 καὶ
405 2200 476 2268 τοῖς
512 2183 586 2255 όσοι
617 2185 697 2255 ποτὲ
734 2181 926 2274 οὐρανόθεν
962 2190 1104 2274 ἔπτημεν

50 2319 77 2360 ιο
91 2298 139 2376 είς
170 2290 232 2381 τὴν
264 2295 328 2381 γῆν
361 2293 417 2361 καὶ
450 2293 617 2380 ἐπέσομεν.
663 2289 743 2379 μετὰ
780 2288 821 2378 δὴ
857 2289 895 2359 τὸ
933 2290 1104 2378 σύμβολον

89 2400 206 2484 τούτο,
244 2395 299 2467 ὅτε
331 2393 349 2466 ὁ
382 2395 539 2485 βασιλεύς
565 2396 675 2479 Αττις
711 2401 821 2485 ιστησι
857 2395 919 2485 τὴν
951 2393 1105 2488 ἀπειρίαν

91 2501 149 2572 διὰ
176 2506 233 2592 τῆς
266 2506 417 2592 ἐκτομῆς,
449 2500 530 2593 ἡμῖν
559 2505 691 2591 [τε]οί
677 2505 792 2573 iuml
823 2502 1020 2572 κελεύουσιν
1053 2507 1104 2573 ἐκ-

91 2611 224 2698 τέμνειν
251 2604 307 2680 καὶ
335 2607 449 2691 αὐτοῖς
475 2608 537 2698 τὴν
556 2612 593 2678 ἐν
620 2605 702 2698 ἡμῖν
729 2607 844 2690 αὐτοῖς
872 2605 1027 2698 ιἰπειρίαν
1047 2611 1104 2679 καὶ

91 2726 266 2804 μιμεῖσθαι
293 2713 372 2797 τοὺς
399 2711 504 2804 ἡμῶν,
532 2717 585 2784 ἐπὶ
613 2713 708 2784 δὲ
677 2742 714 2784 το
744 2711 930 2803 ὡρισμένον
956 2717 1048 2785 uul‘
1032 2743 1103 2784 ενο-

50 2847 78 2888 εε
92 2821 179 2902 ειδὲς
205 2828 275 2909 καί,
308 2830 398 2912 είπερ
427 2816 502 2890 οἷόν
529 2823 566 2890 τί
591 2824 696 2907 ἐστιν,
725 2817 806 2889 αὐτὸ
835 2819 873 2889 τὸ
902 2824 939 2890 ἓν
967 2818 1104 2909 ιἰνατρί-

92 2949 176 3015 χειν·
205 2920 309 3019 οὗπερ
337 2929 522 3015 γενομένου
549 2927 682 3009 πάντας
700 2929 840 2996 ἕπεσθαι
867 2924 928 3014 χρὴ
957 2923 998 2994 τδι
1021 2922 1147 2994 ‘livi-D

176 3115 192 3162 2
216 3109 277 3178 κοιλ]
304 3111 353 3164 καλ
376 3105 428 3164 διίι
449 3113 485 3167 H.
520 3110 643 3162 Similem
665 3110 839 3162 librariorum
862 3123 980 3159 errorem
1003 3102 1037 3159 δὲ
1055 3124 1104 3174 pro

92 3171 124 3230 δ’
144 3172 175 3232 ἐν
193 3180 374 3231 scribentium
394 3183 442 3232 139
455 3181 480 3230 D
499 3180 613 3230 correxi.
637 3178 698 3229 Vid
710 3177 883 3228 lumenNov.
896 3175 996 3227 Annul.
1009 3125 1104 3240 philol.

94 3251 123 3298 et
140 3247 220 3315 puell
239 3246 300 3301 Vol
320 3249 398 3312 ἵὸρ
416 3249 466 3299 709
484 3250 512 3297 et
530 3246 593 3296 add.
611 3245 734 3309 'lhucyu
756 3247 783 3302 1,
802 3245 835 3294 75
854 3243 1106 3308 Strabon.1p.29

92 3313 205 3366 Diodor.
223 3317 267 3378 21,
287 3317 329 3378 12,
347 3317 363 3366 5
431 3309 509 3374 λοίς
527 3329 579 3364 om.
597 3317 621 3366 V
690 3314 723 3363 10
740 3308 791 3363 uui
808 3302 943 3375 ὀφθῆναι
961 3309 1107 3361 delendum

95 3396 156 3433 εεεε
174 3352 295 3435 vidit’B.
313 3380 474 3433 Friederich
562 3384 593 3431 11
617 3395 684 3433 σκια
702 3383 758 3445 pet
844 3380 875 3427 12
898 3392 920 3426 π
921 3375 1106 3443 ροβαλεινΒ.

94 3447 269 3516 Friederieh]
293 3440 472 3529 προβάλλειν
553 3450 585 3500 18
612 3442 749 3500 ἐνδίδωσι
771 3440 845 3512 Pei]
869 3393 1004 3496 ἐκδίδωσι
1073 3446 1106 3498 22

93 3530 125 3566 τε
142 3516 258 3568 inclusit
277 3519 303 3567 Η
372 3519 406 3568 24
423 3532 492 3575 τους
508 3507 601 3582 ἡμῶν]
620 3507 680 3566 τλ
664 3512 746 3581 ημῶν
764 3513 867 3579 Regius
886 3513 997 3564 Petuvii
