<?xml version="1.0" encoding="UTF-8"?>
<!DOCTYPE html PUBLIC "-//W3C//DTD XHTML 1.0 Transitional//EN"
    "http://www.w3.org/TR/xhtml1/DTD/xhtml1-transitional.dtd">
<html xmlns="http://www.w3.org/1999/xhtml" xml:lang="en" lang="en">
 <head>
  <title>
</title>
<meta http-equiv="Content-Type" content="text/html;charset=utf-8" />
  <meta name='ocr-system' content='tesseract 3.04.00' />
  <meta name='ocr-capabilities' content='ocr_page ocr_carea ocr_par ocr_line ocrx_word'/>
</head>
<body>
  <div class='ocr_page' id='page_1' title='image "./iulianiimperato01juligoog_0204.png"; bbox 0 0 2446 3870; ppageno 0'>
   <div class='ocr_carea' id='block_1_1' title="bbox 502 151 1104 228">
    <p class='ocr_par' dir='ltr' id='par_1_1' title="bbox 502 151 1104 228">
     <span class='ocr_line' id='line_1_1' title="bbox 502 151 1104 228; baseline 0.02 -11"><span class='ocrx_word' id='word_1_1' title='bbox 502 164 639 217; x_wconf 73' lang='grc' dir='ltr'><strong><em>οεευιο</em></strong></span> <span class='ocrx_word' id='word_1_2' title='bbox 657 167 704 218; x_wconf 85' lang='lat' dir='ltr'><strong><em>1v.</em></strong></span> <span class='ocrx_word' id='word_1_3' title='bbox 882 151 883 154; x_wconf 72' lang='grc'>’</span> <span class='ocrx_word' id='word_1_4' title='bbox 1045 165 1104 228; x_wconf 79' lang='lat'><strong><em>191</em></strong></span> 
     </span>
    </p>
   </div>
   <div class='ocr_carea' id='block_1_2' title="bbox 1 289 1205 2503">
    <p class='ocr_par' dir='ltr' id='par_1_2' title="bbox 92 289 1107 912">
     <span class='ocr_line' id='line_1_2' title="bbox 92 289 1107 384; baseline 0.001 -21"><span class='ocrx_word' id='word_1_5' title='bbox 92 291 159 364; x_wconf 88' lang='grc' dir='ltr'><strong><em>οὐκ</em></strong></span> <span class='ocrx_word' id='word_1_6' title='bbox 187 289 230 362; x_wconf 73' lang='lat' dir='ltr'><strong><em>iv</em></strong></span> <span class='ocrx_word' id='word_1_7' title='bbox 258 290 414 384; x_wconf 78' lang='grc' dir='ltr'><em>εὕροιμεν</em></span> <span class='ocrx_word' id='word_1_8' title='bbox 441 290 587 381; x_wconf 93' lang='grc' dir='ltr'><strong><em>άκριβῶς</em></strong></span> <span class='ocrx_word' id='word_1_9' title='bbox 614 293 828 376; x_wconf 77' lang='grc' dir='ltr'><strong><em>ἐξετάζοντες·</em></strong></span> <span class='ocrx_word' id='word_1_10' title='bbox 862 289 942 363; x_wconf 72' lang='grc' dir='ltr'><strong><em>οὐδὲ</em></strong></span> <span class='ocrx_word' id='word_1_11' title='bbox 969 292 1034 384; x_wconf 84' lang='grc' dir='ltr'><strong><em>γὰρ</em></strong></span> <span class='ocrx_word' id='word_1_12' title='bbox 1063 290 1107 376; x_wconf 89' lang='grc' dir='ltr'><strong><em>ῶς</em></strong></span> 
     </span>
     <span class='ocr_line' id='line_1_3' title="bbox 92 396 1106 489; baseline 0.002 -21"><span class='ocrx_word' id='word_1_13' title='bbox 92 396 265 486; x_wconf 80' lang='grc' dir='ltr'><strong><em>ὑπέλαβον</em></strong></span> <span class='ocrx_word' id='word_1_14' title='bbox 301 402 462 489; x_wconf 74' lang='grc' dir='ltr'><strong><em>εἰρῆσθαί</em></strong></span> <span class='ocrx_word' id='word_1_15' title='bbox 489 425 577 480; x_wconf 87' lang='grc' dir='ltr'><strong><em>τινες</em></strong></span> <span class='ocrx_word' id='word_1_16' title='bbox 608 399 693 489; x_wconf 87' lang='grc' dir='ltr'><strong><em>πρὸς</em></strong></span> <span class='ocrx_word' id='word_1_17' title='bbox 728 402 796 467; x_wconf 93' lang='grc' dir='ltr'><strong><em>τῶν</em></strong></span> <span class='ocrx_word' id='word_1_18' title='bbox 826 397 1050 487; x_wconf 66' lang='grc' dir='ltr'><strong><em>θεολόγῶν“</em></strong></span> <span class='ocrx_word' id='word_1_19' title='bbox 1032 429 1106 488; x_wconf 92' lang='grc' dir='ltr'><strong><em>ημι-</em></strong></span> 
     </span>
     <span class='ocr_line' id='line_1_4' title="bbox 94 503 1107 636; baseline 0.001 -62"><span class='ocrx_word' id='word_1_20' title='bbox 94 512 236 636; x_wconf 88' lang='grc' dir='ltr'><strong><em>σφαίρια</em></strong></span> <span class='ocrx_word' id='word_1_21' title='bbox 268 509 330 574; x_wconf 92' lang='grc' dir='ltr'><strong><em>τοῦ</em></strong></span> <span class='ocrx_word' id='word_1_22' title='bbox 361 503 487 586; x_wconf 86' lang='grc' dir='ltr'><strong><em>παντὸς</em></strong></span> <span class='ocrx_word' id='word_1_23' title='bbox 518 503 558 573; x_wconf 84' lang='grc' dir='ltr'><strong><em>τὰ</em></strong></span> <span class='ocrx_word' id='word_1_24' title='bbox 591 505 654 574; x_wconf 80' lang='grc' dir='ltr'><strong><em>δύο</em></strong></span> <span class='ocrx_word' id='word_1_25' title='bbox 687 506 798 616; x_wconf 86' lang='grc' dir='ltr'><strong><em>λόγου</em></strong></span> <span class='ocrx_word' id='word_1_26' title='bbox 821 511 887 592; x_wconf 70' lang='grc' dir='ltr'><strong><em>ἔχει</em></strong></span> <span class='ocrx_word' id='word_1_27' title='bbox 917 505 1005 574; x_wconf 88' lang='grc' dir='ltr'><strong><em>τινά</em></strong></span> <span class='ocrx_word' id='word_1_28' title='bbox 1037 510 1107 588; x_wconf 92' lang='grc' dir='ltr'><strong><em>πῶς</em></strong></span> 
     </span>
     <span class='ocr_line' id='line_1_5' title="bbox 93 602 1106 741; baseline 0 -61"><span class='ocrx_word' id='word_1_29' title='bbox 93 613 157 702; x_wconf 86' lang='grc' dir='ltr'><strong><em>γάρ</em></strong></span> <span class='ocrx_word' id='word_1_30' title='bbox 186 613 318 680; x_wconf 86' lang='grc' dir='ltr'><strong><em>ἐστιν</em></strong></span> <span class='ocrx_word' id='word_1_31' title='bbox 301 610 498 701; x_wconf 83' lang='grc' dir='ltr'><strong><em>ετερήμερον</em></strong></span> <span class='ocrx_word' id='word_1_32' title='bbox 527 607 640 679; x_wconf 89' lang='grc' dir='ltr'><strong><em>αὐτῶν</em></strong></span> <span class='ocrx_word' id='word_1_33' title='bbox 663 602 804 691; x_wconf 65' lang='grc' dir='ltr'><strong><em>ἕκαστον)</em></strong></span> <span class='ocrx_word' id='word_1_34' title='bbox 823 608 905 681; x_wconf 67' lang='grc' dir='ltr'><strong><em>οὐδὲ</em></strong></span> <span class='ocrx_word' id='word_1_35' title='bbox 932 614 1106 741; x_wconf 76' lang='grc' dir='ltr'><strong><em>ἐπινοῆσαι</em></strong></span> 
     </span>
     <span class='ocr_line' id='line_1_6' title="bbox 65 713 1107 810; baseline 0.001 -24.028"><span class='ocrx_word' id='word_1_36' title='bbox 65 713 275 810; x_wconf 61' lang='grc' dir='ltr'><strong><em>ερᾴδιον,</em></strong></span> <span class='ocrx_word' id='word_1_37' title='bbox 257 719 381 808; x_wconf 87' lang='grc' dir='ltr'><strong><em>ημέρας</em></strong></span> <span class='ocrx_word' id='word_1_38' title='bbox 408 717 546 804; x_wconf 79' lang='grc' dir='ltr'><strong><em>ἑκάστης</em></strong></span> <span class='ocrx_word' id='word_1_39' title='bbox 574 714 824 805; x_wconf 78' lang='grc' dir='ltr'><strong><em>άνεπαισθητου</em></strong></span> <span class='ocrx_word' id='word_1_40' title='bbox 851 721 909 805; x_wconf 79' lang='grc' dir='ltr'><strong><em>τῆς</em></strong></span> <span class='ocrx_word' id='word_1_41' title='bbox 936 716 1019 786; x_wconf 89' lang='grc' dir='ltr'><strong><em>κατδι</em></strong></span> <span class='ocrx_word' id='word_1_42' title='bbox 1046 717 1107 787; x_wconf 87' lang='grc' dir='ltr'><strong><em>τὸν</em></strong></span> 
     </span>
     <span class='ocr_line' id='line_1_7' title="bbox 93 820 1107 912; baseline 0 -20"><span class='ocrx_word' id='word_1_43' title='bbox 93 822 268 912; x_wconf 83' lang='grc' dir='ltr'><strong><em>φωτισμὸν</em></strong></span> <span class='ocrx_word' id='word_1_44' title='bbox 296 820 409 891; x_wconf 88' lang='grc' dir='ltr'><strong><em>αὐτῶν</em></strong></span> <span class='ocrx_word' id='word_1_45' title='bbox 426 824 664 911; x_wconf 81' lang='grc' dir='ltr'><strong><em>παραυξήσεως</em></strong></span> <span class='ocrx_word' id='word_1_46' title='bbox 683 825 869 911; x_wconf 79' lang='grc' dir='ltr'><strong><em>γινομένης.</em></strong></span> <span class='ocrx_word' id='word_1_47' title='bbox 906 823 1107 911; x_wconf 76' lang='grc' dir='ltr'><strong><em>σκεψώμεθα</em></strong></span> 
     </span>
    </p>

    <p class='ocr_par' dir='ltr' id='par_1_3' title="bbox 93 920 1205 1021">
     <span class='ocr_line' id='line_1_8' title="bbox 93 920 1205 1021; baseline -0.001 -22"><span class='ocrx_word' id='word_1_48' title='bbox 93 930 132 999; x_wconf 72' lang='grc' dir='ltr'><strong><em>δέ</em></strong></span> <span class='ocrx_word' id='word_1_49' title='bbox 158 933 224 998; x_wconf 92' lang='grc' dir='ltr'><strong><em>νῦν</em></strong></span> <span class='ocrx_word' id='word_1_50' title='bbox 251 925 336 1018; x_wconf 72' lang='grc' dir='ltr'><strong><em>ὑπὲρ</em></strong></span> <span class='ocrx_word' id='word_1_51' title='bbox 364 920 413 997; x_wconf 87' lang='grc' dir='ltr'><strong><em>ῶν</em></strong></span> <span class='ocrx_word' id='word_1_52' title='bbox 441 926 538 998; x_wconf 79' lang='grc' dir='ltr'><strong><em>αὐτοὶ</em></strong></span> <span class='ocrx_word' id='word_1_53' title='bbox 565 944 777 1018; x_wconf 85' lang='grc' dir='ltr'><strong><em>καινοτομεῖν</em></strong></span> <span class='ocrx_word' id='word_1_54' title='bbox 805 939 886 1011; x_wconf 74' lang='grc' dir='ltr'><strong><em>ἴσως</em></strong></span> <span class='ocrx_word' id='word_1_55' title='bbox 911 956 957 1021; x_wconf 78' lang='grc' dir='ltr'><strong><em>τῳ</em></strong></span> <span class='ocrx_word' id='word_1_56' title='bbox 986 933 1105 1000; x_wconf 92' lang='grc' dir='ltr'><strong><em>δοκοῦ-</em></strong></span> <span class='ocrx_word' id='word_1_57' title='bbox 1196 980 1205 998; x_wconf 89' lang='grc'><strong>.</strong></span> 
     </span>
    </p>

    <p class='ocr_par' dir='ltr' id='par_1_4' title="bbox 24 1031 1144 1231">
     <span class='ocr_line' id='line_1_9' title="bbox 24 1031 1144 1159; baseline 0.005 -55"><span class='ocrx_word' id='word_1_58' title='bbox 24 1079 28 1084; x_wconf 84' lang='grc'><em>·</em></span> <span class='ocrx_word' id='word_1_59' title='bbox 93 1064 163 1124; x_wconf 89' lang='grc' dir='ltr'><strong><em>μεν.</em></strong></span> <span class='ocrx_word' id='word_1_60' title='bbox 208 1038 267 1123; x_wconf 83' lang='grc' dir='ltr'><strong><em>της</em></strong></span> <span class='ocrx_word' id='word_1_61' title='bbox 299 1032 403 1122; x_wconf 76' lang='grc' dir='ltr'><strong><em>αὐτῆς</em></strong></span> <span class='ocrx_word' id='word_1_62' title='bbox 435 1031 559 1123; x_wconf 82' lang='grc' dir='ltr'><strong><em>ἡμέρας</em></strong></span> <span class='ocrx_word' id='word_1_63' title='bbox 590 1036 711 1104; x_wconf 77' lang='grc' dir='ltr'><strong><em>ἐκείνοι</em></strong></span> <span class='ocrx_word' id='word_1_64' title='bbox 740 1037 889 1158; x_wconf 81' lang='grc' dir='ltr'><strong><em>μετέχειν</em></strong></span> <span class='ocrx_word' id='word_1_65' title='bbox 922 1032 1035 1159; x_wconf 84' lang='grc' dir='ltr'><strong><em>ὀρθῶς</em></strong></span> <span class='ocrx_word' id='word_1_66' title='bbox 1062 1032 1144 1111; x_wconf 61' lang='lat' dir='ltr'><strong><em>&amp;vc</em></strong></span> 
     </span>
     <span class='ocr_line' id='line_1_10' title="bbox 93 1137 1106 1231; baseline 0.001 -21"><span class='ocrx_word' id='word_1_67' title='bbox 93 1146 246 1231; x_wconf 83' lang='grc' dir='ltr'><strong><em>ῥηθείεν,</em></strong></span> <span class='ocrx_word' id='word_1_68' title='bbox 280 1138 417 1222; x_wconf 88' lang='grc' dir='ltr'><strong><em>ὁπόσοις</em></strong></span> <span class='ocrx_word' id='word_1_69' title='bbox 445 1150 518 1222; x_wconf 82' lang='grc' dir='ltr'><strong><em>ίσος</em></strong></span> <span class='ocrx_word' id='word_1_70' title='bbox 545 1137 684 1210; x_wconf 83' lang='grc' dir='ltr'><strong><em>ἐστὶν</em></strong></span> <span class='ocrx_word' id='word_1_71' title='bbox 668 1169 685 1210; x_wconf 96' lang='grc' dir='ltr'><strong><em>ο</em></strong></span> <span class='ocrx_word' id='word_1_72' title='bbox 714 1169 773 1230; x_wconf 92' lang='grc' dir='ltr'><strong><em>της</em></strong></span> <span class='ocrx_word' id='word_1_73' title='bbox 804 1138 887 1231; x_wconf 72' lang='grc' dir='ltr'><strong><em>ὑπὲρ</em></strong></span> <span class='ocrx_word' id='word_1_74' title='bbox 915 1146 980 1230; x_wconf 77' lang='grc' dir='ltr'><strong><em>γῆν</em></strong></span> <span class='ocrx_word' id='word_1_75' title='bbox 1007 1138 1106 1229; x_wconf 79' lang='grc' dir='ltr'><strong><em>ἡλίου</em></strong></span> 
     </span>
    </p>

    <p class='ocr_par' dir='ltr' id='par_1_5' title="bbox 52 1243 1107 1445">
     <span class='ocr_line' id='line_1_11' title="bbox 52 1243 1105 1339; baseline -0.002 -19"><span class='ocrx_word' id='word_1_76' title='bbox 52 1283 78 1321; x_wconf 77' lang='grc' dir='ltr'><strong><em>ιο</em></strong></span> <span class='ocrx_word' id='word_1_77' title='bbox 92 1255 230 1337; x_wconf 85' lang='grc' dir='ltr'><strong><em>πορείας</em></strong></span> <span class='ocrx_word' id='word_1_78' title='bbox 261 1247 383 1337; x_wconf 79' lang='grc' dir='ltr'><strong><em>χρόνος</em></strong></span> <span class='ocrx_word' id='word_1_79' title='bbox 415 1250 453 1315; x_wconf 91' lang='grc' dir='ltr'><strong><em>ἐν</em></strong></span> <span class='ocrx_word' id='word_1_80' title='bbox 486 1248 536 1316; x_wconf 80' lang='grc' dir='ltr'><strong><em>ἑνὶ</em></strong></span> <span class='ocrx_word' id='word_1_81' title='bbox 568 1249 623 1317; x_wconf 85' lang='grc' dir='ltr'><strong><em>καὶ</em></strong></span> <span class='ocrx_word' id='word_1_82' title='bbox 655 1251 701 1339; x_wconf 80' lang='grc' dir='ltr'><strong><em>τῶ</em></strong></span> <span class='ocrx_word' id='word_1_83' title='bbox 733 1245 824 1339; x_wconf 79' lang='grc' dir='ltr'><strong><em>αὐτῶ</em></strong></span> <span class='ocrx_word' id='word_1_84' title='bbox 857 1255 946 1336; x_wconf 92' lang='grc' dir='ltr'><strong><em>μηνί.</em></strong></span> <span class='ocrx_word' id='word_1_85' title='bbox 997 1243 1105 1338; x_wconf 85' lang='grc' dir='ltr'><strong><em>δράτω</em></strong></span> 
     </span>
     <span class='ocr_line' id='line_1_12' title="bbox 92 1351 1107 1445; baseline 0.001 -23"><span class='ocrx_word' id='word_1_86' title='bbox 92 1381 142 1435; x_wconf 88' lang='grc' dir='ltr'><strong><em>τις</em></strong></span> <span class='ocrx_word' id='word_1_87' title='bbox 170 1357 287 1441; x_wconf 85' lang='grc' dir='ltr'><strong><em>οὐν,ε</em></strong></span> <span class='ocrx_word' id='word_1_88' title='bbox 272 1351 415 1441; x_wconf 79' lang='grc' dir='ltr'><strong><em>εἰμὴ</em></strong></span> <span class='ocrx_word' id='word_1_89' title='bbox 383 1381 420 1422; x_wconf 93' lang='grc' dir='ltr'><strong><em>το</em></strong></span> <span class='ocrx_word' id='word_1_90' title='bbox 449 1353 647 1444; x_wconf 83' lang='grc' dir='ltr'><strong><em>έτερήμερον</em></strong></span> <span class='ocrx_word' id='word_1_91' title='bbox 673 1369 743 1436; x_wconf 77' lang='grc' dir='ltr'><strong><em>τοῖς</em></strong></span> <span class='ocrx_word' id='word_1_92' title='bbox 770 1354 903 1436; x_wconf 79' lang='grc' dir='ltr'><strong><em>κύκλοις</em></strong></span> <span class='ocrx_word' id='word_1_93' title='bbox 931 1355 1107 1445; x_wconf 76' lang='grc' dir='ltr'><strong><em>ἐφαρμόζει</em></strong></span> 
     </span>
    </p>

    <p class='ocr_par' dir='ltr' id='par_1_6' title="bbox 1 1457 1106 1549">
     <span class='ocr_line' id='line_1_13' title="bbox 1 1457 1106 1549; baseline 0.001 -22"><span class='ocrx_word' id='word_1_94' title='bbox 1 1472 4 1543; x_wconf 42' lang='grc' dir='ltr'><strong><em>ζ</em></strong></span> <span class='ocrx_word' id='word_1_95' title='bbox 93 1474 165 1539; x_wconf 79' lang='grc' dir='ltr'><strong><em>τοῖς</em></strong></span> <span class='ocrx_word' id='word_1_96' title='bbox 192 1476 226 1527; x_wconf 85' lang='grc' dir='ltr'><strong><em>τε</em></strong></span> <span class='ocrx_word' id='word_1_97' title='bbox 254 1457 365 1540; x_wconf 90' lang='grc' dir='ltr'><strong><em>άλλοις</em></strong></span> <span class='ocrx_word' id='word_1_98' title='bbox 396 1461 452 1528; x_wconf 82' lang='grc' dir='ltr'><strong><em>καὶ</em></strong></span> <span class='ocrx_word' id='word_1_99' title='bbox 484 1474 553 1540; x_wconf 80' lang='grc' dir='ltr'><strong><em>τοϊς</em></strong></span> <span class='ocrx_word' id='word_1_100' title='bbox 584 1475 762 1549; x_wconf 82' lang='grc' dir='ltr'><strong><em>τροπικοῖς</em></strong></span> <span class='ocrx_word' id='word_1_101' title='bbox 808 1457 1015 1549; x_wconf 78' lang='grc' dir='ltr'><strong><em>ὑπολήψεταί</em></strong></span> <span class='ocrx_word' id='word_1_102' title='bbox 1044 1483 1106 1542; x_wconf 90' lang='grc' dir='ltr'><strong><em>τις</em></strong></span> 
     </span>
    </p>

    <p class='ocr_par' dir='ltr' id='par_1_7' title="bbox 2 1560 1107 1655">
     <span class='ocr_line' id='line_1_14' title="bbox 2 1560 1107 1655; baseline 0.003 -22"><span class='ocrx_word' id='word_1_103' title='bbox 2 1585 3 1589; x_wconf 76' lang='grc'>’</span> <span class='ocrx_word' id='word_1_104' title='bbox 95 1560 160 1633; x_wconf 89' lang='grc' dir='ltr'><strong><em>οὐκ</em></strong></span> <span class='ocrx_word' id='word_1_105' title='bbox 189 1573 264 1632; x_wconf 86' lang='grc' dir='ltr'><strong><em>ίσου</em></strong></span> <span class='ocrx_word' id='word_1_106' title='bbox 291 1568 389 1635; x_wconf 85' lang='grc' dir='ltr'><strong><em>ἐστίν.</em></strong></span> <span class='ocrx_word' id='word_1_107' title='bbox 427 1569 462 1634; x_wconf 86' lang='grc' dir='ltr'><strong><em>οί</em></strong></span> <span class='ocrx_word' id='word_1_108' title='bbox 486 1564 548 1652; x_wconf 75' lang='grc' dir='ltr'><strong><em>μὲν</em></strong></span> <span class='ocrx_word' id='word_1_109' title='bbox 575 1565 639 1655; x_wconf 81' lang='grc' dir='ltr'><strong><em>γάρ</em></strong></span> <span class='ocrx_word' id='word_1_110' title='bbox 668 1563 719 1635; x_wconf 82' lang='grc' dir='ltr'><strong><em>ἀεὶ</em></strong></span> <span class='ocrx_word' id='word_1_111' title='bbox 744 1573 935 1654; x_wconf 90' lang='grc' dir='ltr'><strong><em>φαίνονται,</em></strong></span> <span class='ocrx_word' id='word_1_112' title='bbox 962 1568 1107 1648; x_wconf 78' lang='grc' dir='ltr'><strong><em>καὶτοῖς</em></strong></span> 
     </span>
    </p>

    <p class='ocr_par' dir='ltr' id='par_1_8' title="bbox 8 1666 1106 1764">
     <span class='ocr_line' id='line_1_15' title="bbox 95 1666 1106 1762; baseline 0.003 -24.762"><span class='ocrx_word' id='word_1_113' title='bbox 95 1669 159 1758; x_wconf 81' lang='grc' dir='ltr'><strong><em>την</em></strong></span> <span class='ocrx_word' id='word_1_114' title='bbox 196 1666 365 1739; x_wconf 87' lang='grc' dir='ltr'><strong><em>άντίσκιον</em></strong></span> <span class='ocrx_word' id='word_1_115' title='bbox 402 1674 534 1740; x_wconf 79' lang='grc' dir='ltr'><strong><em>οἰκοῦσι</em></strong></span> <span class='ocrx_word' id='word_1_116' title='bbox 570 1675 634 1759; x_wconf 76' lang='grc' dir='ltr'><strong><em>γῆν</em></strong></span> <span class='ocrx_word' id='word_1_117' title='bbox 671 1669 871 1761; x_wconf 81' lang='grc' dir='ltr'><strong><em>ἀμφοτέροις</em></strong></span> <span class='ocrx_word' id='word_1_118' title='bbox 912 1669 1106 1762; x_wconf 79' lang='grc' dir='ltr'><strong><em>ἀμφότεροι,</em></strong></span> 
     </span>
    </p>

    <p class='ocr_par' dir='ltr' id='par_1_9' title="bbox 5 1773 1146 2290">
     <span class='ocr_line' id='line_1_16' title="bbox 5 1773 1106 1868; baseline -0.003 -20"><span class='ocrx_word' id='word_1_119' title='bbox 5 1799 6 1803; x_wconf 77' lang='grc'>’</span> <span class='ocrx_word' id='word_1_120' title='bbox 54 1807 81 1848; x_wconf 84' lang='lat'><strong><em>15</em></strong></span> <span class='ocrx_word' id='word_1_121' title='bbox 94 1779 164 1844; x_wconf 89' lang='grc' dir='ltr'><strong><em>τῶν</em></strong></span> <span class='ocrx_word' id='word_1_122' title='bbox 192 1775 229 1845; x_wconf 73' lang='grc' dir='ltr'><strong><em>δέ</em></strong></span> <span class='ocrx_word' id='word_1_123' title='bbox 248 1781 283 1846; x_wconf 80' lang='lat' dir='ltr'><strong><em>ol</em></strong></span> <span class='ocrx_word' id='word_1_124' title='bbox 307 1775 454 1867; x_wconf 91' lang='grc' dir='ltr'><strong><em>θάτερον</em></strong></span> <span class='ocrx_word' id='word_1_125' title='bbox 482 1773 626 1866; x_wconf 87' lang='grc' dir='ltr'><strong><em>ὁρῶντες</em></strong></span> <span class='ocrx_word' id='word_1_126' title='bbox 645 1774 802 1864; x_wconf 88' lang='grc' dir='ltr'><strong><em>οὐδαμῶς</em></strong></span> <span class='ocrx_word' id='word_1_127' title='bbox 819 1775 924 1868; x_wconf 87' lang='grc' dir='ltr'><strong><em>ὁρῶσι</em></strong></span> <span class='ocrx_word' id='word_1_128' title='bbox 949 1779 1106 1868; x_wconf 88' lang='grc' dir='ltr'><strong><em>θάτερον.</em></strong></span> 
     </span>
     <span class='ocr_line' id='line_1_17' title="bbox 95 1879 1146 1972; baseline 0.003 -23"><span class='ocrx_word' id='word_1_129' title='bbox 95 1879 166 1950; x_wconf 83' lang='grc' dir='ltr'><strong><em>ἄλλ’</em></strong></span> <span class='ocrx_word' id='word_1_130' title='bbox 197 1886 253 1951; x_wconf 82' lang='grc' dir='ltr'><strong><em>ἵνα</em></strong></span> <span class='ocrx_word' id='word_1_131' title='bbox 281 1881 325 1971; x_wconf 80' lang='grc' dir='ltr'><strong><em>μὴ</em></strong></span> <span class='ocrx_word' id='word_1_132' title='bbox 355 1890 456 1952; x_wconf 86' lang='grc' dir='ltr'><strong><em>πλείω</em></strong></span> <span class='ocrx_word' id='word_1_133' title='bbox 474 1884 549 1972; x_wconf 84' lang='grc' dir='ltr'><strong><em>περὶ</em></strong></span> <span class='ocrx_word' id='word_1_134' title='bbox 577 1885 645 1950; x_wconf 93' lang='grc' dir='ltr'><strong><em>τῶν</em></strong></span> <span class='ocrx_word' id='word_1_135' title='bbox 667 1880 780 1952; x_wconf 89' lang='grc' dir='ltr'><strong><em>αὐτῶν</em></strong></span> <span class='ocrx_word' id='word_1_136' title='bbox 797 1885 905 1970; x_wconf 84' lang='grc' dir='ltr'><strong><em>λέγων</em></strong></span> <span class='ocrx_word' id='word_1_137' title='bbox 933 1889 1103 1972; x_wconf 77' lang='grc' dir='ltr'><strong><em>διατρίβω,</em></strong></span> <span class='ocrx_word' id='word_1_138' title='bbox 1121 1906 1146 1958; x_wconf 87' lang='grc'><strong><em>1)</em></strong></span> 
     </span>
     <span class='ocr_line' id='line_1_18' title="bbox 93 1985 1107 2080; baseline 0.001 -24"><span class='ocrx_word' id='word_1_139' title='bbox 93 1987 153 2070; x_wconf 82' lang='grc' dir='ltr'><strong><em>τὰς</em></strong></span> <span class='ocrx_word' id='word_1_140' title='bbox 179 1987 303 2077; x_wconf 83' lang='grc' dir='ltr'><strong><em>τροπάς</em></strong></span> <span class='ocrx_word' id='word_1_141' title='bbox 335 1990 566 2080; x_wconf 80' lang='grc' dir='ltr'><strong><em>ἐργαζόμενος,</em></strong></span> <span class='ocrx_word' id='word_1_142' title='bbox 596 1986 705 2079; x_wconf 90' lang='grc' dir='ltr'><strong><em>ῶσπερ</em></strong></span> <span class='ocrx_word' id='word_1_143' title='bbox 734 1998 846 2077; x_wconf 74' lang='grc' dir='ltr'><strong><em>ἴσμεν,</em></strong></span> <span class='ocrx_word' id='word_1_144' title='bbox 873 1986 980 2076; x_wconf 80' lang='grc' dir='ltr'><strong><em>πατὴρ</em></strong></span> <span class='ocrx_word' id='word_1_145' title='bbox 1010 1985 1107 2078; x_wconf 87' lang='grc' dir='ltr'><strong><em>ῶρῶν</em></strong></span> 
     </span>
     <span class='ocr_line' id='line_1_19' title="bbox 95 2092 1107 2182; baseline 0.001 -21"><span class='ocrx_word' id='word_1_146' title='bbox 95 2096 195 2182; x_wconf 81' lang='grc' dir='ltr'><strong><em>ἐστιν,</em></strong></span> <span class='ocrx_word' id='word_1_147' title='bbox 223 2092 287 2164; x_wconf 91' lang='grc' dir='ltr'><strong><em>οὐκ</em></strong></span> <span class='ocrx_word' id='word_1_148' title='bbox 306 2092 496 2165; x_wconf 79' lang='grc' dir='ltr'><strong><em>ἀπολείπων</em></strong></span> <span class='ocrx_word' id='word_1_149' title='bbox 510 2094 551 2164; x_wconf 70' lang='grc' dir='ltr'><strong><em>δέ</em></strong></span> <span class='ocrx_word' id='word_1_150' title='bbox 571 2092 726 2182; x_wconf 79' lang='grc' dir='ltr'><strong><em>οὐδαμῶς</em></strong></span> <span class='ocrx_word' id='word_1_151' title='bbox 744 2092 822 2176; x_wconf 86' lang='grc' dir='ltr'><strong><em>τοῦς</em></strong></span> <span class='ocrx_word' id='word_1_152' title='bbox 845 2094 969 2175; x_wconf 82' lang='grc' dir='ltr'><strong><em>πόλους</em></strong></span> <span class='ocrx_word' id='word_1_153' title='bbox 993 2092 1107 2162; x_wconf 81' lang='grc' dir='ltr'><strong><em>Ὠκεα-</em></strong></span> 
     </span>
     <span class='ocr_line' id='line_1_20' title="bbox 95 2197 1107 2290; baseline 0.001 -22"><span class='ocrx_word' id='word_1_154' title='bbox 95 2198 155 2281; x_wconf 87' lang='grc' dir='ltr'><strong><em>νδς</em></strong></span> <span class='ocrx_word' id='word_1_155' title='bbox 182 2198 224 2270; x_wconf 74' lang='lat' dir='ltr'><strong><em>lv</em></strong></span> <span class='ocrx_word' id='word_1_156' title='bbox 252 2211 314 2289; x_wconf 74' lang='grc' dir='ltr'><strong><em>εἴη,</em></strong></span> <span class='ocrx_word' id='word_1_157' title='bbox 342 2205 460 2289; x_wconf 77' lang='grc' dir='ltr'><strong><em>διπλῆς</em></strong></span> <span class='ocrx_word' id='word_1_158' title='bbox 486 2198 620 2290; x_wconf 79' lang='grc' dir='ltr'><strong><em>ἡγεμῶν</em></strong></span> <span class='ocrx_word' id='word_1_159' title='bbox 649 2198 775 2282; x_wconf 81' lang='grc' dir='ltr'><strong><em>οὐσίας.</em></strong></span> <span class='ocrx_word' id='word_1_160' title='bbox 821 2205 894 2290; x_wconf 93' lang='grc' dir='ltr'><strong><em>μῶυ</em></strong></span> <span class='ocrx_word' id='word_1_161' title='bbox 922 2197 1049 2287; x_wconf 80' lang='grc' dir='ltr'><strong><em>ἀσαφές</em></strong></span> <span class='ocrx_word' id='word_1_162' title='bbox 1076 2228 1107 2269; x_wconf 85' lang='grc' dir='ltr'><strong><em>τι</em></strong></span> 
     </span>
    </p>

    <p class='ocr_par' dir='ltr' id='par_1_10' title="bbox 52 2303 1107 2503">
     <span class='ocr_line' id='line_1_21' title="bbox 52 2303 1107 2398; baseline -0.003 -21"><span class='ocrx_word' id='word_1_163' title='bbox 52 2339 79 2377; x_wconf 82' lang='lat'><strong><em>20</em></strong></span> <span class='ocrx_word' id='word_1_164' title='bbox 93 2308 151 2376; x_wconf 86' lang='grc' dir='ltr'><strong><em>καὶ</em></strong></span> <span class='ocrx_word' id='word_1_165' title='bbox 186 2310 286 2376; x_wconf 85' lang='grc' dir='ltr'><strong><em>τοῦτο</em></strong></span> <span class='ocrx_word' id='word_1_166' title='bbox 323 2309 478 2394; x_wconf 86' lang='grc' dir='ltr'><strong><em>λέγομεν,</em></strong></span> <span class='ocrx_word' id='word_1_167' title='bbox 516 2310 648 2398; x_wconf 88' lang='grc' dir='ltr'><strong><em>ἐπείπερ</em></strong></span> <span class='ocrx_word' id='word_1_168' title='bbox 688 2307 753 2397; x_wconf 92' lang='grc' dir='ltr'><strong><em>πρὸ</em></strong></span> <span class='ocrx_word' id='word_1_169' title='bbox 791 2303 887 2397; x_wconf 81' lang='grc' dir='ltr'><strong><em>ἡμῶν</em></strong></span> <span class='ocrx_word' id='word_1_170' title='bbox 928 2304 1009 2376; x_wconf 88' lang='grc' dir='ltr'><strong><em>αὐτὸ</em></strong></span> <span class='ocrx_word' id='word_1_171' title='bbox 1051 2309 1107 2375; x_wconf 82' lang='grc' dir='ltr'><strong><em>καὶ</em></strong></span> 
     </span>
     <span class='ocr_line' id='line_1_22' title="bbox 85 2410 338 2503; baseline 0.008 -3"><span class='ocrx_word' id='word_1_172' title='bbox 85 2410 233 2503; x_wconf 61' lang='lat' dir='ltr'><strong>“Olbos</strong></span> <span class='ocrx_word' id='word_1_173' title='bbox 261 2418 338 2501; x_wconf 78' lang='grc' dir='ltr'><strong><em>ἕνα·</em></strong></span> 
     </span>
    </p>
   </div>
   <div class='ocr_carea' id='block_1_3' title="bbox 172 2551 1009 2644">
    <p class='ocr_par' dir='ltr' id='par_1_11' title="bbox 172 2551 1009 2644">
     <span class='ocr_line' id='line_1_23' title="bbox 172 2551 1009 2644; baseline 0.001 -22"><span class='ocrx_word' id='word_1_174' title='bbox 172 2551 346 2641; x_wconf 79' lang='grc' dir='ltr'><strong><em>Ὠκεανοῦ,</em></strong></span> <span class='ocrx_word' id='word_1_175' title='bbox 374 2552 476 2644; x_wconf 82' lang='grc' dir='ltr'><strong><em>ὅσπερ</em></strong></span> <span class='ocrx_word' id='word_1_176' title='bbox 506 2557 634 2641; x_wconf 85' lang='grc' dir='ltr'><strong><em>γένεσις</em></strong></span> <span class='ocrx_word' id='word_1_177' title='bbox 660 2555 820 2624; x_wconf 80' lang='grc' dir='ltr'><strong><em>πάντεσσι</em></strong></span> <span class='ocrx_word' id='word_1_178' title='bbox 847 2557 1009 2641; x_wconf 88' lang='grc' dir='ltr'><strong><em>τέτυκται,</em></strong></span> 
     </span>
    </p>
   </div>
   <div class='ocr_carea' id='block_1_4' title="bbox 53 2692 1158 3210">
    <p class='ocr_par' dir='ltr' id='par_1_12' title="bbox 93 2692 1158 2891">
     <span class='ocr_line' id='line_1_24' title="bbox 93 2692 1127 2793; baseline 0.003 -30"><span class='ocrx_word' id='word_1_179' title='bbox 93 2698 232 2784; x_wconf 90' lang='grc' dir='ltr'><strong><em>θνητῶν</em></strong></span> <span class='ocrx_word' id='word_1_180' title='bbox 258 2722 294 2764; x_wconf 84' lang='grc' dir='ltr'><strong><em>τε</em></strong></span> <span class='ocrx_word' id='word_1_181' title='bbox 320 2693 490 2793; x_wconf 47' lang='grc' dir='ltr'><strong><em>θεῶνςδ,</em></strong></span> <span class='ocrx_word' id='word_1_182' title='bbox 524 2692 568 2777; x_wconf 86' lang='grc' dir='ltr'><strong><em>ῶς</em></strong></span> <span class='ocrx_word' id='word_1_183' title='bbox 595 2693 638 2765; x_wconf 76' lang='grc' dir='ltr'><strong><em>ἂν</em></strong></span> <span class='ocrx_word' id='word_1_184' title='bbox 670 2693 771 2778; x_wconf 83' lang='grc' dir='ltr'><strong><em>αὐτὸς</em></strong></span> <span class='ocrx_word' id='word_1_185' title='bbox 799 2704 899 2786; x_wconf 86' lang='grc' dir='ltr'><strong><em>φαίη,</em></strong></span> <span class='ocrx_word' id='word_1_186' title='bbox 932 2698 1127 2788; x_wconf 64' lang='grc' dir='ltr'><strong><em>μακάρων,</em></strong></span> 
     </span>
     <span class='ocr_line' id='line_1_25' title="bbox 94 2798 1158 2891; baseline 0.004 -22"><span class='ocrx_word' id='word_1_187' title='bbox 94 2798 238 2888; x_wconf 86' lang='grc' dir='ltr'><strong><em>άληθῶς.</em></strong></span> <span class='ocrx_word' id='word_1_188' title='bbox 288 2805 326 2870; x_wconf 71' lang='grc' dir='ltr'><strong><em>ἓν</em></strong></span> <span class='ocrx_word' id='word_1_189' title='bbox 358 2799 421 2891; x_wconf 83' lang='grc' dir='ltr'><strong><em>γὰρ</em></strong></span> <span class='ocrx_word' id='word_1_190' title='bbox 453 2805 521 2871; x_wconf 90' lang='grc' dir='ltr'><strong><em>τῶν</em></strong></span> <span class='ocrx_word' id='word_1_191' title='bbox 559 2803 696 2872; x_wconf 84' lang='grc' dir='ltr'><strong><em>πάντων</em></strong></span> <span class='ocrx_word' id='word_1_192' title='bbox 734 2800 835 2872; x_wconf 89' lang='grc' dir='ltr'><strong><em>οὐδέν</em></strong></span> <span class='ocrx_word' id='word_1_193' title='bbox 872 2806 976 2891; x_wconf 87' lang='grc' dir='ltr'><strong><em>ἐστιν,</em></strong></span> <span class='ocrx_word' id='word_1_194' title='bbox 1009 2801 1028 2873; x_wconf 85' lang='grc' dir='ltr'><strong><em>δ</em></strong></span> <span class='ocrx_word' id='word_1_195' title='bbox 1056 2801 1158 2891; x_wconf 59' lang='lat' dir='ltr'><strong>ming</strong></span> 
     </span>
    </p>

    <p class='ocr_par' dir='ltr' id='par_1_13' title="bbox 53 2905 1106 3210">
     <span class='ocr_line' id='line_1_26' title="bbox 53 2905 1104 2996; baseline 0.002 -21"><span class='ocrx_word' id='word_1_196' title='bbox 53 2936 80 2976; x_wconf 79' lang='grc' dir='ltr'><strong><em>ιε</em></strong></span> <span class='ocrx_word' id='word_1_197' title='bbox 95 2910 154 2994; x_wconf 74' lang='grc' dir='ltr'><strong><em>τῆς</em></strong></span> <span class='ocrx_word' id='word_1_198' title='bbox 179 2905 342 2976; x_wconf 76' lang='grc' dir='ltr'><strong><em>Ὠκεανοῦ</em></strong></span> <span class='ocrx_word' id='word_1_199' title='bbox 359 2908 510 2994; x_wconf 86' lang='grc' dir='ltr'><strong><em>πέφυκεν</em></strong></span> <span class='ocrx_word' id='word_1_200' title='bbox 529 2905 646 2990; x_wconf 82' lang='grc' dir='ltr'><strong><em>οὐσίας</em></strong></span> <span class='ocrx_word' id='word_1_201' title='bbox 665 2915 814 2996; x_wconf 78' lang='grc' dir='ltr'><strong><em>ἔκγονον.</em></strong></span> <span class='ocrx_word' id='word_1_202' title='bbox 851 2907 934 2979; x_wconf 85' lang='grc' dir='ltr'><strong><em>άλλδι</em></strong></span> <span class='ocrx_word' id='word_1_203' title='bbox 952 2915 987 2977; x_wconf 85' lang='grc' dir='ltr'><strong><em>τί</em></strong></span> <span class='ocrx_word' id='word_1_204' title='bbox 1006 2912 1104 2978; x_wconf 90' lang='grc' dir='ltr'><strong><em>τοῦτο</em></strong></span> 
     </span>
     <span class='ocr_line' id='line_1_27' title="bbox 93 3011 1106 3105; baseline 0.001 -24"><span class='ocrx_word' id='word_1_205' title='bbox 93 3011 178 3103; x_wconf 86' lang='grc' dir='ltr'><strong><em>πρὸς</em></strong></span> <span class='ocrx_word' id='word_1_206' title='bbox 205 3011 284 3095; x_wconf 84' lang='grc' dir='ltr'><strong><em>τούς</em></strong></span> <span class='ocrx_word' id='word_1_207' title='bbox 310 3013 449 3097; x_wconf 84' lang='grc' dir='ltr'><strong><em>πόλους;</em></strong></span> <span class='ocrx_word' id='word_1_208' title='bbox 478 3014 592 3101; x_wconf 87' lang='grc' dir='ltr'><strong><em>βούλει</em></strong></span> <span class='ocrx_word' id='word_1_209' title='bbox 610 3035 665 3084; x_wconf 89' lang='grc' dir='ltr'><strong><em>σοι</em></strong></span> <span class='ocrx_word' id='word_1_210' title='bbox 683 3016 817 3105; x_wconf 84' lang='grc' dir='ltr'><strong><em>φράσω;</em></strong></span> <span class='ocrx_word' id='word_1_211' title='bbox 845 3021 954 3084; x_wconf 89' lang='grc' dir='ltr'><strong><em>καίτοι</em></strong></span> <span class='ocrx_word' id='word_1_212' title='bbox 982 3018 1106 3082; x_wconf 84' lang='grc' dir='ltr'><strong><em>σιωπά-</em></strong></span> 
     </span>
     <span class='ocr_line' id='line_1_28' title="bbox 94 3110 826 3210; baseline 0.004 -24"><span class='ocrx_word' id='word_1_213' title='bbox 94 3129 177 3188; x_wconf 90' lang='grc' dir='ltr'><strong><em>σθαι</em></strong></span> <span class='ocrx_word' id='word_1_214' title='bbox 205 3133 361 3210; x_wconf 81' lang='grc' dir='ltr'><strong><em>κρεῖσσον</em></strong></span> <span class='ocrx_word' id='word_1_215' title='bbox 388 3110 443 3208; x_wconf 78' lang='grc' dir='ltr'><strong><em>ἦν·</em></strong></span> <span class='ocrx_word' id='word_1_216' title='bbox 472 3121 637 3208; x_wconf 77' lang='grc' dir='ltr'><strong><em>εἰρήσεται</em></strong></span> <span class='ocrx_word' id='word_1_217' title='bbox 665 3122 702 3190; x_wconf 74' lang='grc' dir='ltr'><strong><em>δὲ</em></strong></span> <span class='ocrx_word' id='word_1_218' title='bbox 729 3119 826 3208; x_wconf 87' lang='grc' dir='ltr'><strong><em>ῦμῶς.</em></strong></span> 
     </span>
    </p>
   </div>
   <div class='ocr_carea' id='block_1_5' title="bbox 94 3381 1108 3599">
    <p class='ocr_par' dir='ltr' id='par_1_14' title="bbox 94 3381 1108 3599">
     <span class='ocr_line' id='line_1_29' title="bbox 161 3381 1107 3477; baseline 0.002 -32"><span class='ocrx_word' id='word_1_219' title='bbox 161 3389 331 3477; x_wconf 83' lang='grc' dir='ltr'><strong><em>4εκαστον]</em></strong></span> <span class='ocrx_word' id='word_1_220' title='bbox 352 3396 413 3446; x_wconf 88' lang='lat' dir='ltr'><strong>Vid.</strong></span> <span class='ocrx_word' id='word_1_221' title='bbox 432 3395 467 3446; x_wconf 82' lang='lat' dir='ltr'><strong><em>ad</em></strong></span> <span class='ocrx_word' id='word_1_222' title='bbox 485 3399 552 3448; x_wconf 80' lang='lat' dir='ltr'><strong><em>91ss</em></strong></span> <span class='ocrx_word' id='word_1_223' title='bbox 621 3388 776 3460; x_wconf 71' lang='grc' dir='ltr'><strong><em>ὅέκάστης</em></strong></span> <span class='ocrx_word' id='word_1_224' title='bbox 794 3411 846 3446; x_wconf 86' lang='lat' dir='ltr'><strong><em>om</em></strong></span> <span class='ocrx_word' id='word_1_225' title='bbox 865 3395 931 3446; x_wconf 87' lang='lat' dir='ltr'><strong>libri</strong></span> <span class='ocrx_word' id='word_1_226' title='bbox 1001 3398 1031 3446; x_wconf 92' lang='grc'><strong><em>11</em></strong></span> <span class='ocrx_word' id='word_1_227' title='bbox 1055 3381 1107 3448; x_wconf 90' lang='grc' dir='ltr'><strong><em>οῦν</em></strong></span> 
     </span>
     <span class='ocr_line' id='line_1_30' title="bbox 94 3456 1108 3546; baseline 0.004 -35"><span class='ocrx_word' id='word_1_228' title='bbox 94 3459 134 3540; x_wconf 83' lang='grc' dir='ltr'><strong><em>Η]</em></strong></span> <span class='ocrx_word' id='word_1_229' title='bbox 152 3461 208 3513; x_wconf 85' lang='grc' dir='ltr'><strong><em>νῦν</em></strong></span> <span class='ocrx_word' id='word_1_230' title='bbox 262 3456 318 3515; x_wconf 79' lang='lat'><strong><em>17</em></strong></span> <span class='ocrx_word' id='word_1_231' title='bbox 306 3461 382 3546; x_wconf 83' lang='grc' dir='ltr'><strong><em>ορῶν</em></strong></span> <span class='ocrx_word' id='word_1_232' title='bbox 391 3464 497 3518; x_wconf 81' lang='lat' dir='ltr'><strong>mareil.</strong></span> <span class='ocrx_word' id='word_1_233' title='bbox 510 3470 566 3530; x_wconf 76' lang='lat' dir='ltr'><strong>pet.</strong></span> <span class='ocrx_word' id='word_1_234' title='bbox 620 3466 651 3514; x_wconf 74' lang='lat'><strong><em>22</em></strong></span> <span class='ocrx_word' id='word_1_235' title='bbox 670 3464 750 3513; x_wconf 80' lang='lat' dir='ltr'><strong>Iliad.</strong></span> <span class='ocrx_word' id='word_1_236' title='bbox 766 3463 789 3526; x_wconf 79' lang='grc' dir='ltr'><strong><em>ξ,</em></strong></span> <span class='ocrx_word' id='word_1_237' title='bbox 803 3465 853 3514; x_wconf 83' lang='grc'><strong><em>246</em></strong></span> <span class='ocrx_word' id='word_1_238' title='bbox 868 3458 909 3525; x_wconf 89' lang='grc' dir='ltr'><strong><em>Ι’</em></strong></span> <span class='ocrx_word' id='word_1_239' title='bbox 888 3458 1014 3523; x_wconf 84' lang='grc' dir='ltr'><strong><em>ωκεανδς</em></strong></span> <span class='ocrx_word' id='word_1_240' title='bbox 1026 3462 1108 3531; x_wconf 59' lang='lat' dir='ltr'><strong>libri!</strong></span> 
     </span>
     <span class='ocr_line' id='line_1_31' title="bbox 95 3524 1028 3599; baseline 0.003 -19"><span class='ocrx_word' id='word_1_241' title='bbox 95 3543 166 3580; x_wconf 87' lang='grc' dir='ltr'><strong><em>πασι</em></strong></span> <span class='ocrx_word' id='word_1_242' title='bbox 183 3530 248 3580; x_wconf 82' lang='lat' dir='ltr'><strong>libri</strong></span> <span class='ocrx_word' id='word_1_243' title='bbox 317 3524 382 3581; x_wconf 74' lang='lat'><strong><em>24⁰</em></strong></span> <span class='ocrx_word' id='word_1_244' title='bbox 370 3546 400 3582; x_wconf 82' lang='grc' dir='ltr'><strong><em>εν</em></strong></span> <span class='ocrx_word' id='word_1_245' title='bbox 417 3527 494 3598; x_wconf 91' lang='lat' dir='ltr'><strong>libri]</strong></span> <span class='ocrx_word' id='word_1_246' title='bbox 514 3530 563 3584; x_wconf 85' lang='grc' dir='ltr'><strong><em>καλ</em></strong></span> <span class='ocrx_word' id='word_1_247' title='bbox 632 3532 665 3580; x_wconf 80' lang='lat'><strong><em>26</em></strong></span> <span class='ocrx_word' id='word_1_248' title='bbox 683 3525 790 3591; x_wconf 87' lang='grc' dir='ltr'><strong><em>πόλους</em></strong></span> <span class='ocrx_word' id='word_1_249' title='bbox 809 3528 884 3599; x_wconf 87' lang='lat' dir='ltr'><strong>libri]</strong></span> <span class='ocrx_word' id='word_1_250' title='bbox 904 3525 1028 3592; x_wconf 86' lang='grc' dir='ltr'><strong><em>πολλοῦς</em></strong></span> 
     </span>
    </p>
   </div>
   <div class='ocr_carea' id='block_1_6' title="bbox 0 0 1234 3870">
    <p class='ocr_par' dir='ltr' id='par_1_15' title="bbox 0 0 1234 3870">
     <span class='ocr_line' id='line_1_32' title="bbox 0 0 1234 3870; baseline 0 0"><span class='ocrx_word' id='word_1_251' title='bbox 0 0 1234 3870; x_wconf 95' lang='lat' dir='ltr'><strong><em> </em></strong></span> 
     </span>
    </p>
   </div>
  </div>
 </body>
</html>
