2446 3870
140 155 203 220 256
443 155 586 207 ιυιιεκι
608 153 856 234 ιυεεκκτοειε

33 286 39 294 ’
140 283 299 363 ἐπάταξεν
321 282 453 363 ’ἐκεῖνος
480 310 520 371 τη
539 288 703 372 βακτηρίᾳ
721 282 801 378 φάς·
830 280 911 369 εἶτα,
939 273 1159 372 ῶκάθαρμα,

144 388 251 477 μηδὲν
279 386 375 470 άξιον
393 391 454 457 τοῦ
473 393 617 479 δημοσίᾳ
644 386 840 457 τὰτοιαῦτα
861 400 1005 478 θαρσεῖν
1031 389 1160 480 πράξας

141 499 300 565 ἐντεῦθεν
326 491 407 583 ἡμῖν
435 491 519 583 άρχη
547 494 646 583 δόξης
672 510 913 584 καταφρονεῖν;
942 491 1051 577 οὕτως
1073 493 1157 589 ᾤετο

140 606 260 691 χρῆναι
287 601 452 691 πρότερον
478 595 604 688 ἡδονῆς
630 602 686 669 καὶ
713 603 829 689 θυμοῦ
861 607 1035 691 κρείττονα
1063 604 1157 688 γενέ-

141 719 238 795 σθαι,
279 708 335 776 καὶ
371 713 486 798 τρίτον
526 708 580 776 ἐπὶ
616 705 653 775 τὸ
690 706 897 776 τελειότατον
939 710 1052 777 ἐλθεῖν
1088 712 1184 777 τῶνε

98 808 395 903 Ι)παλαισμάτῶυ,
427 811 688 901 ἀποδυσάμενον
719 810 804 902 πρός
836 812 895 894 τδις
921 816 989 883 τῶν
1020 818 1158 885 πολλῶν

142 922 256 1008 δόξας,
284 926 322 988 αἳ
351 927 482 1009 μυρίων
514 922 626 989 κακῶν
658 928 761 988 αἴτιαι
792 925 946 1006 γίνονται
977 935 1049 1002 τοῖς
1076 929 1156 991 πολ-

28 1049 33 1060 ·
141 1035 219 1108 λοῖς.
266 1023 328 1096 οὐκ
356 1025 460 1096 οἶσθα
489 1024 578 1109 ὅπως
614 1023 694 1107 τοὺς
721 1026 783 1114 μέν
805 1028 905 1108 νέους
931 1029 989 1114 της
1016 1035 1157 1114 φιλοσο·

141 1140 222 1221 φίας
254 1130 457 1219 άπάγουσιν,
495 1130 577 1202 ἄλλα
615 1129 666 1201 ἐπ’
701 1130 814 1214 άλλοις
849 1136 918 1201 τῶν
955 1134 1158 1222 φιλοσόφων

140 1242 376 1329 θρυλοῦντεςς,
396 1242 432 1307 οί
456 1237 667 1328 Πυθαγόρου
694 1240 750 1308 καὶ
777 1239 958 1321 Πλάτωνος
989 1241 1046 1308 καὶ
1071 1237 1157 1331 Ἀρι-
1172 1267 1194 1305 ιο

141 1346 317 1425 στοτέλους
354 1344 509 1433 χορευταὶ
551 1344 684 1432 γνήσιοι
720 1344 837 1433 γόητες
878 1344 965 1415 εἶναι
1001 1347 1157 1433 λέγονται

140 1451 196 1519 καί
229 1451 387 1537 σοφισταὶ
418 1452 475 1519 καὶ
502 1451 730 1540 τετυφωμένοι
760 1453 816 1521 καὶ
849 1464 1042 1541 φαρμακεῖς.
1088 1457 1157 1522 τῶν

89 1558 305 1625 198Κυνικῶν
323 1565 357 1625 εί
370 1556 438 1625 πού
455 1583 505 1636 τις
522 1559 640 1644 γέγονε
668 1563 861 1645 σπουδαῖος,
890 1557 1032 1639 ἐλεεινός
1051 1565 1155 1629 δοκεῖ’

140 1665 308 1752 μέμνημαι
336 1665 421 1750 γοῦν
449 1662 514 1751 ἐγῶ
541 1690 621 1733 ποτε
647 1666 798 1753 τροφέως
816 1664 969 1746 εἰπόντος
995 1665 1080 1755 πρός
1107 1675 1155 1754 με,’

141 1767 257 1857 ἐπειδὴ
285 1767 345 1838 τὸν
377 1771 510 1859 ἑταῖρον
537 1769 628 1840 εἶδεν
655 1767 799 1857 Ἰφικλέα
832 1768 1009 1860 αὐχμηρὰν
1037 1776 1192 1859 έχουτασ

125 1875 202 1965 τὴν
234 1875 342 1964 κόμην
374 1879 429 1946 καὶ
461 1876 693 1966 κατερρωγότα
724 1873 765 1945 τδι
798 1878 919 1966 στέρνα
957 1877 1090 1966 ίμάτιόυ
1121 1906 1156 1947 τε

141 1983 331 2052 παντάπασι
360 1986 494 2071 φαῦλον
522 1986 558 2052 έν
586 1985 687 2075 δεινῷ
715 1985 863 2072 λειμῶνι·
900 1990 956 2065 Τίς
987 1981 1155 2073 άραδαί-

141 2117 214 2178 μῶν
246 2092 368 2159 τοῦτον
400 2095 448 2172 είς
483 2090 609 2177 ταύτην
641 2090 847 2179 περιέτρεψε
869 2088 931 2179 τὴν
964 2091 1156 2180 συμφοράν)

141 2192 202 2283 ὑφ’
232 2187 272 2283 οἷς
300 2192 401 2278 αὐτὸς
427 2195 489 2283 μὲν
516 2193 668 2283 ἐλεεινὸς,
696 2195 909 2286 ἐλεεινότεροι
937 2196 974 2264 δὲ
998 2191 1038 2265 οί
1057 2199 1156 2266 πατέ·

142 2328 196 2390 ρες
223 2297 339 2386 αὐτοῦ,
365 2303 552 2391 θρέψαντες
570 2300 635 2370 σὺν
654 2304 818 2392 ἐπιμελείᾳ
841 2295 1157 2385 καλπαιδέόσαντες
1171 2328 1194 2367 νο

24 2498 26 2501 ι
101 2401 188 2486 Βῶς
216 2407 382 2492 ἐνεδέχετο
411 2412 613 2493 σπουδαίας,
641 2403 659 2476 ό
683 2406 721 2476 δὲ
740 2406 827 2477 οὗτοι
855 2411 1157 2499 νῦνπεριέρχὲίαι,

140 2512 251 2581 πάντα
283 2508 395 2599 ἆφείς,
432 2509 536 2583 οὐδὲν
571 2515 641 2582 τῶν
671 2515 945 2602 προσαιτοόντοεν
981 2521 1156 2604 κρείττους

141 2622 281 2709 ἐκείνου
299 2617 361 2705 μὲν
393 2610 457 2688 οὖν
488 2617 552 2709 έγῶ
581 2617 646 2690 οόκ
676 2616 744 2688 οἷδ’
774 2619 863 2703 ὅπως
893 2621 968 2691 τότε
999 2614 1156 2711 κατειρῶὲ

140 2724 326 2812 νευσάμην·
359 2718 398 2794 εὖ
430 2728 543 2815 μέντοι
576 2754 614 2814 γε
646 2735 720 2795 ίσθι
751 2729 807 2797 καί
838 2731 943 2797 ταῦτα
975 2724 1071 2819 ὑπὲρ
1087 2732 1157 2798 τῶν

142 2828 277 2919 άληθῶς
318 2835 433 2901 κυνῶν
473 2830 553 2915 τοὺς
589 2830 735 2915 πολλοὺς
771 2837 1058 2923 διανοουμένους.’
1099 2837 1157 2905 καὶ
1170 2858 1196 2898 25

142 2933 184 3008 οὐ
215 2941 314 3007 τοῦτο
343 2939 460 3008 δεινόν
487 2941 592 3027 ἔστιν,
626 2936 697 3009 ἄλλ’
728 2935 809 3032 δρᾷς
841 2937 892 3010 ότι
923 2942 980 3011 καλ
1006 2945 1157 3012 πλοῦτον

141 3041 275 3131 άγαπᾶν
301 3051 460 3116 πείθουσι
487 3046 543 3115 καὶ
569 3052 689 3116 πενίαν
708 3061 817 3135 μισεῖν
843 3045 985 3136 καλιὴν
1011 3050 1157 3140 γαστέρα

209 3247 554 3333 2ρηδδνο01).]μηθλν
586 3252 590 3315 Ι
622 3252 747 3318 θαρσεῖν
766 3253 822 3304 Ρεῖ.
852 3245 960 3321 θάρσει
1046 3245 1157 3325 adm

140 3315 213 3386 Pet]
233 3312 306 3386 αρχὴ
325 3336 350 3384 v,
370 3312 452 3387 ἄρχει
471 3321 539 3374 Cob.
616 3315 706 3371 όκοιὶ
723 3318 818 3385 τρίτον
849 3317 918 3388 πρὶν
936 3322 964 3372 Η
1026 3326 1065 3385 Ι10
1083 3323 1157 3389 θρυ·

141 3385 259 3447 λοῦντες
281 3383 326 3452 Η]
346 3386 544 3452 ’θρυλλοῦντες
631 3389 662 3437 16
685 3382 882 3454 κατερρωγότα
905 3384 941 3441 τά
964 3385 1086 3458 στέρνα]
1111 3389 1155 3442 cf.

143 3453 287 3505 chariton.
305 3455 357 3519 111,
370 3457 424 3518 5,6
442 3453 522 3521 περιέ
540 3454 608 3522 οηξε
626 3446 659 3506 τό
677 3454 787 3519 στῆθος
847 3460 880 3519 22
897 3451 987 3511 οόδδν
1006 3449 1156 3523 Ηγοόθέν

135 3522 170 3569 ῖῖ
188 3518 240 3572 καὶ
258 3518 361 3588 ταυτα]
378 3521 470 3574 ταῦτα
488 3474 563 3575 aas?
631 3525 665 3574 26
682 3512 728 3576 ότι
745 3521 820 3590 Ρεῖ.]
841 3519 882 3578 ἔτι
