2446 3870
142 152 202 215 192
441 153 584 204 mererer
606 154 854 206 rrrrrrrrrrorrs

219 283 360 368 Λέγεται
388 284 484 368 γοῦν,
511 287 543 350 εί
568 277 692 368 καὶμὴ
720 280 841 362 πάντες
868 283 1006 370 ἑτοίμως
1033 280 1155 354 ἀποδέ-

140 414 270 475 χονται,
303 383 321 456 ὁ
350 392 465 468 δίσκος
497 389 550 456 έπὶ
582 390 640 474 τῆς
672 383 842 476 ἀνόστρον
870 388 1034 477 φέρεσθαι
1066 388 1156 459 πολὺ

139 497 197 593 τῆς
234 490 405 574 ἀπλανοῦς
440 489 658 581 ὑψηλότερος·
695 495 751 560 καὶ
789 489 877 562 οὕτω
914 493 952 562 δέ
987 497 1055 563 τεόν
1092 495 1156 582 μὲν

139 589 368 700 πλανωμένων
396 596 457 687 οὐχ
485 601 549 680 έξει
580 597 617 668 τὸ
645 600 763 687 μέσον,
795 602 898 689 τριῶν
929 598 977 668 δε
996 603 1066 669 τῶν
1097 602 1156 671 κό-

98 726 235 814 Βσμων
261 705 344 775 κατὰ
370 702 429 787 τὰς
454 703 640 786 τελεστικδις
657 701 904 791 ὑποθέσεις,εί
871 703 990 795 εχρὴ
1018 705 1059 775 τὰ
1086 735 1154 777 τοι·
1170 737 1182 776 5

139 815 225 880 ar'rrrc
251 820 367 881 καλεῖν
384 807 575 898 ὑποθέσεις,
602 807 685 881 ἄλλδι
704 808 748 900 μὴ
776 814 880 880 ταῦτα
903 812 965 900 μέν
993 813 1155 902 δόγματα,

27 971 32 984 .
138 915 179 985 τὰ
207 917 245 987 δέ
272 921 340 987 τῶν
367 920 558 1008 σφαιρικων
584 913 772 998 ὑποθέσεις.
817 945 835 986 ο
838 917 1009 1005 ίμδν
971 947 1034 1008 γαρ
1061 923 1154 988 θετόν

138 1019 160 1112 ἢ
194 1024 365 1113 δαιμόνων
397 1024 550 1113 μεγάλων
582 1022 624 1112 δή
656 1050 760 1092 τινων
796 1020 1001 1106 ἀκούσαντές
1036 1044 1152 1112 φασιν,
1179 1041 1182 1043 ’

140 1133 175 1197 οί
201 1130 238 1199 δὲ
265 1126 483 1199 ὑποτίθενται
510 1129 549 1198 τὸ
576 1127 725 1198 πιθανὸν
753 1132 790 1197 έκ
815 1133 874 1218 τῆς
901 1127 985 1220 πρὸς
1010 1129 1052 1198 τόι
1074 1158 1153 1218 φαι-

139 1236 266 1323 νόμενα
284 1240 492 1324 συμφωνίας.
529 1241 638 1303 αἰνεῖν
656 1234 718 1323 μὲν
742 1226 806 1303 οὖν
825 1233 921 1317 ἄξιον
947 1237 1003 1305 καί
1021 1237 1153 1324 τούσδε,
1168 1265 1194 1304 ιο

139 1341 308 1409 πιστεύειν
335 1341 373 1410 δὲ
400 1342 541 1421 έκείνοις
572 1337 638 1432 ὅτῳ
666 1341 798 1428 βέλτιον
826 1339 913 1410 εἶναι
941 1347 1048 1429 δοκεῖ,
1075 1346 1152 1412 τοῦ·
1206 1348 1208 1350 ’

103 1447 107 1515 ³.-
139 1472 199 1514 τον
231 1444 296 1533 έγω
324 1452 450 1529 παίζων
481 1447 538 1514 καὶ
566 1446 765 1529 σπουδάζων
796 1445 925 1535 ἄγαμαί
953 1473 988 1517 τε
1019 1451 1075 1517 καὶ
1103 1476 1153 1518 τε-

139 1550 308 1640 θαύμακα.
344 1553 401 1621 καὶ
427 1555 532 1621 ταῦτα
559 1552 621 1640 μὲν
649 1550 691 1640 δὴ
718 1552 832 1642 ταύτῃ,
860 1560 952 1640 φασί.

105 1678 146 1739 ο,
220 1656 316 1728 Πολὺ
344 1658 381 1727 δέ
412 1656 497 1748 πρὸς
528 1652 579 1739 οἷς
606 1664 695 1747 ἔφην
721 1658 851 1745 πλῆθός
883 1662 952 1728 έστι
983 1662 1059 1750 περὶ
1091 1659 1153 1730 τὸν

140 1761 290 1854 οὐρανὸν
315 1768 425 1851 θεῶν,
457 1760 517 1845 οὓς
543 1764 751 1854 κατενόησαν
779 1768 814 1834 ol
843 1763 903 1834 τὸν
931 1763 1080 1855 οὐρανόν
1107 1765 1152 1855 μὴ
1168 1791 1193 1832 15

139 1874 312 1961 παρέργως
347 1871 431 1960 μηδὲ
468 1867 578 1960 ὥσπερ
618 1869 659 1939 τὰ
699 1871 892 1959 βοσκήματα
932 1874 1153 1962 θεωροῦντες.

139 1973 219 2058 τοὺς
249 1992 337 2069 τρεῖς
368 1974 432 2067 γὰρ
464 1979 603 2067 τετραχῇ
635 1979 765 2064 τέμνων
802 1975 858 2045 διὰ
890 1980 949 2066 τῆς
980 1982 1042 2048 τοῦ
1075 1986 1153 2070 ζωο-

140 2083 252 2174 φόρον
283 2084 410 2154 κύκλου
437 2081 522 2173 πρὸς
554 2085 695 2152 ἕκαστον
713 2080 839 2151 αὐτόν
870 2091 1050 2166 κοινωνίας
1077 2089 1153 2154 τοῦ·

140 2216 201 2258 τον
229 2181 331 2270 αὖθις
357 2187 418 2259 τόν
446 2188 620 2281 ζωοφόρον
648 2193 695 2269 είς
718 2187 848 2259 δώδεκα
874 2193 968 2259 θεῶν
995 2191 1154 2279 δυνάμεις

141 2298 277 2384 διαιρεῖ,
309 2297 365 2363 καὶ
393 2297 506 2383 μέντοι
535 2295 667 2364 τούτων
699 2297 838 2365 ἕκαστον
866 2301 914 2377 είς
939 2312 1040 2387 τρεῖς,
1070 2294 1154 2366 ὥστε
1168 2321 1193 2361 20

139 2413 249 2468 ποιεῖν
277 2401 310 2480 ἓξ
343 2402 396 2468 ἐπὶ
423 2415 493 2482 τοῖς
524 2401 710 2490 τριάκοντα.
752 2407 855 2471 ἔνθεν
887 2400 979 2491 οίμαι
1011 2403 1154 2492 καθήκει

97 2502 277 2579 Ιοόίνωθεν
303 2501 385 2593 ἡμῖν
412 2508 446 2588 έξ
474 2503 631 2635 οὐρανόν
662 2510 780 2597 τριπλῆ
807 2514 953 2599 χαρίτων
981 2509 1089 2597 δόσις,
1117 2513 1153 2578 έκ

139 2612 208 2677 τῶν
239 2611 387 2704 κύκλων,
420 2639 480 2694 ονς
508 2609 525 2681 ὁ
557 2611 639 2694 θεὸς
671 2610 728 2682 ὅδε
759 2617 899 2705 τετραχῇ
930 2617 1061 2703 τέμνων
1091 2613 1154 2743 rr]v

139 2720 325 2806 τετραπλῆν
352 2720 523 2807 ἐπιπέμπει
550 2745 618 2787 των
646 2745 744 2807 ωρων
771 2713 997 2807 ᾖλαίαν,α1
992 2719 1066 2808 δὴ
1094 2720 1153 2802 τὰς

140 2821 264 2913 τροπὰς
296 2829 411 2910 ἔχουσι
437 2852 506 2893 των
533 2851 668 2914 καιρων.
704 2825 831 2895 κύκλον
856 2853 909 2906 τοι
936 2829 993 2895 καὶ
1021 2831 1059 2895 αί
1084 2828 1151 2896 Χοί-
1166 2849 1191 2889 2⁵

227 3051 241 3098 1
266 3044 378 3114 λέγεται
401 3044 482 3166 libri]
499 3042 569 3113 λέγω
601 3047 606 3111 Ι
638 3038 832 3170 ἀποδέχονται
853 3048 933 3130 libri]
959 3041 1155 3136 αποδέξονται

141 3117 157 3164 2
163 3113 329 3235 ἒφέρεσθαι
345 3111 423 3180 libri]
444 3108 583 3195 φέρεται
648 3117 664 3166 3
688 3133 762 3169 οντιο
781 3117 799 3168 δ
800 3113 823 3183 ὲ]
842 3133 918 3169 οντοο
936 3112 996 3183 bb?
1083 3122 1097 3170 'l
1125 3114 1155 3170 οἱ

141 3176 242 3247 μέν]ο
227 3178 308 3249 οἶμαι
325 3185 390 3234 libri
477 3185 509 3233 13
530 3175 621 3305 rubr?
638 3182 715 3251 libri]
739 3185 832 3237 ταῦτα
856 3186 867 3266 Ι
901 3185 977 3266 φησί
997 3186 1056 3238 Mb.
1092 3188 1153 3252 Ego

166 3249 217 3301 τισί
233 3251 382 3302 deleverim
462 3254 495 3302 14
507 3256 535 3301 et
547 3255 579 3302 15
617 3264 661 3303 στι
678 3246 792 3317 περὶ
761 3271 813 3305 τον
830 3245 955 3319 οὐρανόν
977 3250 1058 3305 θεῶν
1076 3251 1151 3321 libri]

139 3266 251 3370 aa
216 3314 273 3370 τῶν
290 3314 356 3382 περὶ
374 3315 425 3370 τόν
445 3311 571 3397 οόρανόν
589 3316 669 3372 θεῶν
687 3335 770 3399 marg.
789 3325 860 3386 pet,
879 3312 939 3373 ἐστι
957 3320 1014 3374 τῶν
1031 3336 1154 3388 προσον-

139 3384 246 3449 ρανίων
264 3385 345 3437 θεῶν
363 3403 381 3437 v
461 3389 493 3439 17
511 3384 564 3465 τῆς
582 3385 659 3452 libri]
679 3382 732 3466 τὴν
810 3390 842 3439 18
860 3386 1152 3454 κοινωνίαςΜοΕΡ]

139 3449 295 3504 κοινωνίαν
380 3456 413 3504 22
441 3445 572 3518 οὖροινων
590 3452 663 3520 libri]
688 3448 814 3521 ον’ρανοῦ
900 3459 933 3508 25
960 3473 1004 3507 τοι
1022 3455 1151 3522 MbEF]

129 3517 373 3584 stmG,nv
