<?xml version="1.0" encoding="UTF-8"?>
<!DOCTYPE html PUBLIC "-//W3C//DTD XHTML 1.0 Transitional//EN"
    "http://www.w3.org/TR/xhtml1/DTD/xhtml1-transitional.dtd">
<html xmlns="http://www.w3.org/1999/xhtml" xml:lang="en" lang="en">
 <head>
  <title>
</title>
<meta http-equiv="Content-Type" content="text/html;charset=utf-8" />
  <meta name='ocr-system' content='tesseract 3.04.00' />
  <meta name='ocr-capabilities' content='ocr_page ocr_carea ocr_par ocr_line ocrx_word'/>
</head>
<body>
  <div class='ocr_page' id='page_1' title='image "./iulianiimperato01juligoog_0622.png"; bbox 0 0 2414 3862; ppageno 0'>
   <div class='ocr_carea' id='block_1_1' title="bbox 222 156 1084 225">
    <p class='ocr_par' dir='ltr' id='par_1_1' title="bbox 222 156 1084 225">
     <span class='ocr_line' id='line_1_1' title="bbox 222 156 1084 225; baseline 0.003 -15"><span class='ocrx_word' id='word_1_1' title='bbox 222 156 427 210; x_wconf 76' lang='lat' dir='ltr'><strong>EPISTOLAE</strong></span> <span class='ocrx_word' id='word_1_2' title='bbox 446 159 488 208; x_wconf 88' lang='grc'><em>63.</em></span> <span class='ocrx_word' id='word_1_3' title='bbox 508 159 548 210; x_wconf 79' lang='grc'><em>64.</em></span> <span class='ocrx_word' id='word_1_4' title='bbox 566 156 611 224; x_wconf 84' lang='lat'><em>(65</em></span> <span class='ocrx_word' id='word_1_5' title='bbox 620 157 710 223; x_wconf 82' lang='lat' dir='ltr'>Heyl.)</span> <span class='ocrx_word' id='word_1_6' title='bbox 729 161 770 211; x_wconf 78' lang='lat'><em>65.</em></span> <span class='ocrx_word' id='word_1_7' title='bbox 789 157 933 225; x_wconf 74' lang='lat' dir='ltr'>(oofleyl.)</span> <span class='ocrx_word' id='word_1_8' title='bbox 1021 158 1084 224; x_wconf 75' lang='lat'><em>589</em></span> 
     </span>
    </p>
   </div>
   <div class='ocr_carea' id='block_1_2' title="bbox 71 289 1084 488">
    <p class='ocr_par' dir='ltr' id='par_1_2' title="bbox 71 289 1084 488">
     <span class='ocr_line' id='line_1_2' title="bbox 71 289 1084 380; baseline 0.004 -20"><span class='ocrx_word' id='word_1_9' title='bbox 71 294 224 378; x_wconf 89' lang='grc' dir='ltr'><em>ενέγκατε</em></span> <span class='ocrx_word' id='word_1_10' title='bbox 247 290 344 378; x_wconf 74' lang='grc' dir='ltr'><em>ὑμῶν</em></span> <span class='ocrx_word' id='word_1_11' title='bbox 365 291 424 370; x_wconf 88' lang='grc' dir='ltr'><em>τάς</em></span> <span class='ocrx_word' id='word_1_12' title='bbox 446 289 611 379; x_wconf 78' lang='grc' dir='ltr'><em>εὐφημίας</em></span> <span class='ocrx_word' id='word_1_13' title='bbox 634 297 680 372; x_wconf 93' lang='grc' dir='ltr'><em>είς</em></span> <span class='ocrx_word' id='word_1_14' title='bbox 702 292 781 374; x_wconf 89' lang='grc' dir='ltr'><em>τοὺς</em></span> <span class='ocrx_word' id='word_1_15' title='bbox 803 294 915 374; x_wconf 83' lang='grc' dir='ltr'><em>θεούς.</em></span> <span class='ocrx_word' id='word_1_16' title='bbox 934 367 935 371; x_wconf 47' lang='lat'>,</span> <span class='ocrx_word' id='word_1_17' title='bbox 955 298 1084 380; x_wconf 88' lang='grc' dir='ltr'><em>μάλλον</em></span> 
     </span>
     <span class='ocr_line' id='line_1_3' title="bbox 71 394 828 488; baseline 0.001 -22"><span class='ocrx_word' id='word_1_18' title='bbox 71 398 111 466; x_wconf 72' lang='grc' dir='ltr'><em>δέ</em></span> <span class='ocrx_word' id='word_1_19' title='bbox 132 402 168 466; x_wconf 88' lang='grc' dir='ltr'><em>οί</em></span> <span class='ocrx_word' id='word_1_20' title='bbox 188 398 265 466; x_wconf 82' lang='grc' dir='ltr'><em>θεολ</em></span> <span class='ocrx_word' id='word_1_21' title='bbox 288 401 357 464; x_wconf 77' lang='grc' dir='ltr'><em>τῶν</em></span> <span class='ocrx_word' id='word_1_22' title='bbox 380 394 554 484; x_wconf 80' lang='grc' dir='ltr'><em>εὐφημιῶν</em></span> <span class='ocrx_word' id='word_1_23' title='bbox 577 395 619 466; x_wconf 87' lang='grc' dir='ltr'><em>οὐ</em></span> <span class='ocrx_word' id='word_1_24' title='bbox 640 399 828 488; x_wconf 77' lang='grc' dir='ltr'><strong><em>χρῄζουσιν.</em></strong></span> 
     </span>
    </p>
   </div>
   <div class='ocr_carea' id='block_1_3' title="bbox 361 542 732 667">
    <p class='ocr_par' dir='ltr' id='par_1_3' title="bbox 361 542 732 667">
     <span class='ocr_line' id='line_1_4' title="bbox 361 542 732 667; baseline 0.03 -13"><span class='ocrx_word' id='word_1_25' title='bbox 361 542 368 554; x_wconf 54' lang='grc'><strong><em>’</em></strong></span> <span class='ocrx_word' id='word_1_26' title='bbox 426 573 477 654; x_wconf 61' lang='grc' dir='ltr'><em>ξεί</em></span> <span class='ocrx_word' id='word_1_27' title='bbox 523 575 732 667; x_wconf 71' lang='grc' dir='ltr'><em>Ζωνοάνν·</em></span> 
     </span>
    </p>
   </div>
   <div class='ocr_carea' id='block_1_4' title="bbox 44 714 1087 1231">
    <p class='ocr_par' dir='ltr' id='par_1_4' title="bbox 44 714 1087 1231">
     <span class='ocr_line' id='line_1_5' title="bbox 161 714 1086 805; baseline 0.003 -23"><span class='ocrx_word' id='word_1_28' title='bbox 161 720 207 782; x_wconf 70' lang='lat' dir='ltr'><em>Eo</em></span> <span class='ocrx_word' id='word_1_29' title='bbox 236 714 298 801; x_wconf 72' lang='grc' dir='ltr'><em>μὲν</em></span> <span class='ocrx_word' id='word_1_30' title='bbox 331 715 375 802; x_wconf 78' lang='grc' dir='ltr'><em>μὴ</em></span> <span class='ocrx_word' id='word_1_31' title='bbox 409 714 500 802; x_wconf 80' lang='grc' dir='ltr'><em>εἶχον</em></span> <span class='ocrx_word' id='word_1_32' title='bbox 526 718 581 784; x_wconf 84' lang='grc' dir='ltr'><em>καλ</em></span> <span class='ocrx_word' id='word_1_33' title='bbox 610 719 751 805; x_wconf 82' lang='grc' dir='ltr'><em>ἐχαρίσω</em></span> <span class='ocrx_word' id='word_1_34' title='bbox 780 745 868 805; x_wconf 85' lang='grc' dir='ltr'><em>μοι,·</em></span> <span class='ocrx_word' id='word_1_35' title='bbox 888 718 1086 804; x_wconf 75' lang='grc' dir='ltr'><em>συγγνώμης</em></span> 
     </span>
     <span class='ocr_line' id='line_1_6' title="bbox 44 816 1086 914; baseline 0.005 -28"><span class='ocrx_word' id='word_1_36' title='bbox 44 816 165 911; x_wconf 51' lang='grc' dir='ltr'><em>ε’ἦσθα</em></span> <span class='ocrx_word' id='word_1_37' title='bbox 188 820 293 903; x_wconf 84' lang='grc' dir='ltr'><em>άξιος·</em></span> <span class='ocrx_word' id='word_1_38' title='bbox 317 827 348 890; x_wconf 90' lang='grc' dir='ltr'><em>εί</em></span> <span class='ocrx_word' id='word_1_39' title='bbox 370 821 408 890; x_wconf 73' lang='grc' dir='ltr'><em>δέ</em></span> <span class='ocrx_word' id='word_1_40' title='bbox 432 819 522 909; x_wconf 80' lang='grc' dir='ltr'><em>εἶχον</em></span> <span class='ocrx_word' id='word_1_41' title='bbox 544 824 617 908; x_wconf 90' lang='grc' dir='ltr'><em>μέν,</em></span> <span class='ocrx_word' id='word_1_42' title='bbox 642 820 704 891; x_wconf 80' lang='grc' dir='ltr'><em>οὐκ</em></span> <span class='ocrx_word' id='word_1_43' title='bbox 727 823 919 914; x_wconf 79' lang='grc' dir='ltr'><em>ἐχρησάμην</em></span> <span class='ocrx_word' id='word_1_44' title='bbox 937 825 986 908; x_wconf 89' lang='grc' dir='ltr'><em>δέ,</em></span> <span class='ocrx_word' id='word_1_45' title='bbox 1008 823 1086 904; x_wconf 82' lang='grc' dir='ltr'><em>τοὺς</em></span> 
     </span>
     <span class='ocr_line' id='line_1_7' title="bbox 72 926 1086 1018; baseline 0.001 -22"><span class='ocrx_word' id='word_1_46' title='bbox 72 927 176 1008; x_wconf 84' lang='grc' dir='ltr'><em>θεοὺς</em></span> <span class='ocrx_word' id='word_1_47' title='bbox 208 933 347 1016; x_wconf 83' lang='grc' dir='ltr'><em>ἔφερον,</em></span> <span class='ocrx_word' id='word_1_48' title='bbox 384 930 512 1014; x_wconf 85' lang='grc' dir='ltr'><em>μάλλον</em></span> <span class='ocrx_word' id='word_1_49' title='bbox 540 926 622 996; x_wconf 66' lang='grc' dir='ltr'><em>δὲ“</em></span> <span class='ocrx_word' id='word_1_50' title='bbox 606 928 670 997; x_wconf 89' lang='grc' dir='ltr'><em>νπὸ</em></span> <span class='ocrx_word' id='word_1_51' title='bbox 698 932 766 998; x_wconf 74' lang='grc' dir='ltr'><em>τῶν</em></span> <span class='ocrx_word' id='word_1_52' title='bbox 793 933 886 998; x_wconf 78' lang='grc' dir='ltr'><em>θεῶν</em></span> <span class='ocrx_word' id='word_1_53' title='bbox 910 928 1086 1018; x_wconf 81' lang='grc' dir='ltr'><em>ἐφερόμην.</em></span> 
     </span>
     <span class='ocr_line' id='line_1_8' title="bbox 71 1030 1087 1122; baseline -0.002 -18"><span class='ocrx_word' id='word_1_54' title='bbox 71 1034 117 1103; x_wconf 89' lang='grc' dir='ltr'><em>σό</em></span> <span class='ocrx_word' id='word_1_55' title='bbox 144 1061 201 1121; x_wconf 93' lang='grc' dir='ltr'><em>μοι</em></span> <span class='ocrx_word' id='word_1_56' title='bbox 228 1030 409 1120; x_wconf 91' lang='grc' dir='ltr'><em>άλλότριον</em></span> <span class='ocrx_word' id='word_1_57' title='bbox 436 1052 545 1119; x_wconf 84' lang='grc' dir='ltr'><em>σχημα</em></span> <span class='ocrx_word' id='word_1_58' title='bbox 572 1037 644 1113; x_wconf 77' lang='grc' dir='ltr'><em>πῶς</em></span> <span class='ocrx_word' id='word_1_59' title='bbox 670 1030 867 1120; x_wconf 81' lang='grc' dir='ltr'><em>ἐδίδους,</em></span> <span class='ocrx_word' id='word_1_60' title='bbox 851 1049 975 1122; x_wconf 73' lang='grc' dir='ltr'><em>εταῐρες</em></span> <span class='ocrx_word' id='word_1_61' title='bbox 1013 1033 1087 1103; x_wconf 87' lang='grc' dir='ltr'><em>οἷόν</em></span> 
     </span>
     <span class='ocr_line' id='line_1_9' title="bbox 72 1139 656 1231; baseline -0.002 -22"><span class='ocrx_word' id='word_1_62' title='bbox 72 1167 113 1231; x_wconf 88' lang='grc' dir='ltr'><em>με</em></span> <span class='ocrx_word' id='word_1_63' title='bbox 137 1140 234 1228; x_wconf 78' lang='grc' dir='ltr'><em>εἶδες,</em></span> <span class='ocrx_word' id='word_1_64' title='bbox 256 1143 413 1209; x_wconf 77' lang='grc' dir='ltr'><em>τοιοότον</em></span> <span class='ocrx_word' id='word_1_65' title='bbox 435 1139 491 1206; x_wconf 85' lang='grc' dir='ltr'><em>καλ</em></span> <span class='ocrx_word' id='word_1_66' title='bbox 515 1139 656 1227; x_wconf 80' lang='grc' dir='ltr'><em>γράψον.</em></span> 
     </span>
    </p>
   </div>
   <div class='ocr_carea' id='block_1_5' title="bbox 218 1288 1134 1407">
    <p class='ocr_par' dir='ltr' id='par_1_5' title="bbox 218 1288 1134 1407">
     <span class='ocr_line' id='line_1_10' title="bbox 218 1288 1134 1407; baseline 0.001 -22"><span class='ocrx_word' id='word_1_67' title='bbox 218 1316 279 1403; x_wconf 61' lang='grc' dir='ltr'><em>[ξέ</em></span> <span class='ocrx_word' id='word_1_68' title='bbox 251 1338 288 1389; x_wconf 78' lang='grc' dir='ltr'><em>ς.</em></span> <span class='ocrx_word' id='word_1_69' title='bbox 330 1314 492 1405; x_wconf 87' lang='grc' dir='ltr'><em>Ἀρσάκη</em></span> <span class='ocrx_word' id='word_1_70' title='bbox 513 1288 726 1404; x_wconf 81' lang='grc' dir='ltr'><em>Ἀρμενίων</em></span> <span class='ocrx_word' id='word_1_71' title='bbox 748 1317 946 1407; x_wconf 80' lang='grc' dir='ltr'><em>σατράπη]</em></span> <span class='ocrx_word' id='word_1_72' title='bbox 1096 1355 1134 1395; x_wconf 76' lang='lat'><em>1³5</em></span> 
     </span>
    </p>
   </div>
   <div class='ocr_carea' id='block_1_6' title="bbox 16 1449 1094 2825">
    <p class='ocr_par' dir='ltr' id='par_1_6' title="bbox 33 1449 1093 2719">
     <span class='ocr_line' id='line_1_11' title="bbox 33 1449 1088 1550; baseline 0.003 -27"><span class='ocrx_word' id='word_1_73' title='bbox 33 1481 61 1522; x_wconf 82' lang='grc' dir='ltr'><em>ιο</em></span> <span class='ocrx_word' id='word_1_74' title='bbox 161 1457 350 1545; x_wconf 84' lang='grc' dir='ltr'><em>Ἐπείχθητι</em></span> <span class='ocrx_word' id='word_1_75' title='bbox 386 1458 471 1545; x_wconf 91' lang='grc' dir='ltr'><em>πρὸς</em></span> <span class='ocrx_word' id='word_1_76' title='bbox 501 1459 564 1547; x_wconf 84' lang='grc' dir='ltr'><em>τὴν</em></span> <span class='ocrx_word' id='word_1_77' title='bbox 596 1465 665 1529; x_wconf 79' lang='grc' dir='ltr'><em>των</em></span> <span class='ocrx_word' id='word_1_78' title='bbox 696 1449 876 1548; x_wconf 87' lang='grc' dir='ltr'><em>πολεμίων·</em></span> <span class='ocrx_word' id='word_1_79' title='bbox 894 1460 1088 1550; x_wconf 86' lang='grc' dir='ltr'><em>παράταξιν,</em></span> 
     </span>
     <span class='ocr_line' id='line_1_12' title="bbox 73 1561 1089 1653; baseline -0.002 -19"><span class='ocrx_word' id='word_1_80' title='bbox 73 1563 238 1652; x_wconf 76' lang='grc' dir='ltr'><em>Ἀρσάκιε,</em></span> <span class='ocrx_word' id='word_1_81' title='bbox 261 1567 391 1632; x_wconf 86' lang='grc' dir='ltr'><em>θάττον</em></span> <span class='ocrx_word' id='word_1_82' title='bbox 413 1561 433 1652; x_wconf 82' lang='grc' dir='ltr'><em>ἢ</em></span> <span class='ocrx_word' id='word_1_83' title='bbox 457 1565 572 1652; x_wconf 86' lang='grc' dir='ltr'><em>λόγος,</em></span> <span class='ocrx_word' id='word_1_84' title='bbox 595 1564 657 1652; x_wconf 77' lang='grc' dir='ltr'><em>τὴν</em></span> <span class='ocrx_word' id='word_1_85' title='bbox 680 1564 800 1646; x_wconf 84' lang='grc' dir='ltr'><em>δεξιάν</em></span> <span class='ocrx_word' id='word_1_86' title='bbox 816 1566 899 1634; x_wconf 78' lang='grc' dir='ltr'><em>κατὰ</em></span> <span class='ocrx_word' id='word_1_87' title='bbox 921 1570 980 1653; x_wconf 78' lang='grc' dir='ltr'><em>τῆς</em></span> <span class='ocrx_word' id='word_1_88' title='bbox 1002 1573 1089 1652; x_wconf 92' lang='grc' dir='ltr'><em>Περ-</em></span> 
     </span>
     <span class='ocr_line' id='line_1_13' title="bbox 76 1669 1089 1761; baseline -0.001 -20"><span class='ocrx_word' id='word_1_89' title='bbox 76 1676 170 1759; x_wconf 79' lang='grc' dir='ltr'><em>σικῆς</em></span> <span class='ocrx_word' id='word_1_90' title='bbox 197 1676 317 1758; x_wconf 88' lang='grc' dir='ltr'><em>μανίας</em></span> <span class='ocrx_word' id='word_1_91' title='bbox 345 1669 492 1752; x_wconf 84' lang='grc' dir='ltr'><em>ὁπλίσας.</em></span> <span class='ocrx_word' id='word_1_92' title='bbox 536 1670 558 1757; x_wconf 81' lang='grc' dir='ltr'><em>ἡ</em></span> <span class='ocrx_word' id='word_1_93' title='bbox 585 1671 648 1761; x_wconf 87' lang='grc' dir='ltr'><em>γάρ</em></span> <span class='ocrx_word' id='word_1_94' title='bbox 677 1669 817 1760; x_wconf 79' lang='grc' dir='ltr'><em>ἡμετέρα</em></span> <span class='ocrx_word' id='word_1_95' title='bbox 840 1672 1031 1761; x_wconf 81' lang='grc' dir='ltr'><em>παρασκευή</em></span> <span class='ocrx_word' id='word_1_96' title='bbox 1054 1699 1089 1740; x_wconf 91' lang='grc' dir='ltr'><em>τε</em></span> 
     </span>
     <span class='ocr_line' id='line_1_14' title="bbox 55 1764 1090 1866; baseline -0.001 -20"><span class='ocrx_word' id='word_1_97' title='bbox 55 1764 132 1847; x_wconf 33' lang='grc' dir='ltr'><em>’καὶ</em></span> <span class='ocrx_word' id='word_1_98' title='bbox 154 1784 329 1866; x_wconf 80' lang='grc' dir='ltr'><em>προθυμία</em></span> <span class='ocrx_word' id='word_1_99' title='bbox 354 1783 453 1847; x_wconf 80' lang='grc' dir='ltr'><em>δυοῖν</em></span> <span class='ocrx_word' id='word_1_100' title='bbox 470 1777 617 1865; x_wconf 89' lang='grc' dir='ltr'><em>θάτερον</em></span> <span class='ocrx_word' id='word_1_101' title='bbox 635 1777 863 1865; x_wconf 83' lang='grc' dir='ltr'><em>βεβούλευται,</em></span> <span class='ocrx_word' id='word_1_102' title='bbox 886 1775 963 1865; x_wconf 79' lang='grc' dir='ltr'><em>ἢτδ</em></span> <span class='ocrx_word' id='word_1_103' title='bbox 982 1777 1090 1866; x_wconf 78' lang='grc' dir='ltr'><em>χρεὼν</em></span> 
     </span>
     <span class='ocr_line' id='line_1_15' title="bbox 78 1882 1090 1972; baseline -0.003 -19"><span class='ocrx_word' id='word_1_104' title='bbox 78 1882 265 1953; x_wconf 84' lang='grc' dir='ltr'><em>άποδοῦναι</em></span> <span class='ocrx_word' id='word_1_105' title='bbox 299 1885 351 1952; x_wconf 80' lang='grc' dir='ltr'><em>ἐπὶ</em></span> <span class='ocrx_word' id='word_1_106' title='bbox 382 1888 442 1970; x_wconf 78' lang='grc' dir='ltr'><em>τῆς</em></span> <span class='ocrx_word' id='word_1_107' title='bbox 471 1889 685 1971; x_wconf 81' lang='grc' dir='ltr'><em>Παρθυαίων</em></span> <span class='ocrx_word' id='word_1_108' title='bbox 717 1885 851 1972; x_wconf 85' lang='grc' dir='ltr'><em>ένορίας</em></span> <span class='ocrx_word' id='word_1_109' title='bbox 881 1883 922 1962; x_wconf 87' lang='grc' dir='ltr'><em>τά</em></span> <span class='ocrx_word' id='word_1_110' title='bbox 954 1887 1090 1972; x_wconf 87' lang='grc' dir='ltr'><em>μέγιστα</em></span> 
     </span>
     <span class='ocr_line' id='line_1_16' title="bbox 37 1989 1091 2080; baseline -0.001 -19"><span class='ocrx_word' id='word_1_111' title='bbox 37 2018 64 2061; x_wconf 82' lang='lat'><em>15</em></span> <span class='ocrx_word' id='word_1_112' title='bbox 79 1991 367 2079; x_wconf 77' lang='grc' dir='ltr'><em>διαπραξαμένους</em></span> <span class='ocrx_word' id='word_1_113' title='bbox 398 1991 453 2058; x_wconf 82' lang='grc' dir='ltr'><em>καὶ</em></span> <span class='ocrx_word' id='word_1_114' title='bbox 485 1989 524 2059; x_wconf 88' lang='grc' dir='ltr'><em>τά</em></span> <span class='ocrx_word' id='word_1_115' title='bbox 558 1989 732 2059; x_wconf 78' lang='grc' dir='ltr'><em>δεινότατα</em></span> <span class='ocrx_word' id='word_1_116' title='bbox 764 1994 986 2080; x_wconf 77' lang='grc' dir='ltr'><em>διαθεμένους</em></span> <span class='ocrx_word' id='word_1_117' title='bbox 1012 1991 1091 2071; x_wconf 88' lang='grc' dir='ltr'><em>τοὺς</em></span> 
     </span>
     <span class='ocr_line' id='line_1_17' title="bbox 77 2092 1090 2186; baseline 0.002 -21"><span class='ocrx_word' id='word_1_118' title='bbox 77 2092 289 2183; x_wconf 81' lang='grc' dir='ltr'><em>ἀντιπάλους,</em></span> <span class='ocrx_word' id='word_1_119' title='bbox 312 2094 332 2185; x_wconf 75' lang='grc' dir='ltr'><strong><em>ἢ</em></strong></span> <span class='ocrx_word' id='word_1_120' title='bbox 354 2096 495 2177; x_wconf 77' lang='grc' dir='ltr'><em>τούτους</em></span> <span class='ocrx_word' id='word_1_121' title='bbox 513 2097 788 2185; x_wconf 80' lang='grc' dir='ltr'><em>χειρωσαμένους,</em></span> <span class='ocrx_word' id='word_1_122' title='bbox 811 2098 1090 2186; x_wconf 88' lang='grc' dir='ltr'><em>πρυτανευόντων</em></span> 
     </span>
     <span class='ocr_line' id='line_1_18' title="bbox 77 2202 1091 2292; baseline 0.001 -21"><span class='ocrx_word' id='word_1_123' title='bbox 77 2202 159 2292; x_wconf 79' lang='grc' dir='ltr'><em>ἡμῖν</em></span> <span class='ocrx_word' id='word_1_124' title='bbox 181 2207 249 2272; x_wconf 80' lang='grc' dir='ltr'><em>των</em></span> <span class='ocrx_word' id='word_1_125' title='bbox 271 2208 374 2289; x_wconf 77' lang='grc' dir='ltr'><em>θεῶν,</em></span> <span class='ocrx_word' id='word_1_126' title='bbox 397 2208 611 2282; x_wconf 79' lang='grc' dir='ltr'><em>καλλινίκους</em></span> <span class='ocrx_word' id='word_1_127' title='bbox 633 2204 831 2271; x_wconf 76' lang='grc' dir='ltr'><em>ἐπανελθεῖν</em></span> <span class='ocrx_word' id='word_1_128' title='bbox 850 2206 902 2272; x_wconf 78' lang='grc' dir='ltr'><em>ἐπὶ</em></span> <span class='ocrx_word' id='word_1_129' title='bbox 921 2204 983 2292; x_wconf 79' lang='grc' dir='ltr'><em>τὴν</em></span> <span class='ocrx_word' id='word_1_130' title='bbox 1003 2207 1091 2291; x_wconf 90' lang='grc' dir='ltr'><em>ένεγ-</em></span> 
     </span>
     <span class='ocr_line' id='line_1_19' title="bbox 78 2308 1091 2399; baseline 0.003 -21"><span class='ocrx_word' id='word_1_131' title='bbox 78 2311 245 2396; x_wconf 88' lang='grc' dir='ltr'><em>καμένην,</em></span> <span class='ocrx_word' id='word_1_132' title='bbox 280 2311 426 2398; x_wconf 45' lang='grc' dir='ltr'><em>,τρόπαια</em></span> <span class='ocrx_word' id='word_1_133' title='bbox 462 2308 545 2377; x_wconf 85' lang='grc' dir='ltr'><em>κατά</em></span> <span class='ocrx_word' id='word_1_134' title='bbox 582 2312 650 2377; x_wconf 77' lang='grc' dir='ltr'><em>τῶν</em></span> <span class='ocrx_word' id='word_1_135' title='bbox 687 2315 855 2397; x_wconf 91' lang='grc' dir='ltr'><em>πολεμίων</em></span> <span class='ocrx_word' id='word_1_136' title='bbox 892 2312 1091 2399; x_wconf 77' lang='grc' dir='ltr'><em>ἐγείραντας.</em></span> 
     </span>
     <span class='ocr_line' id='line_1_20' title="bbox 79 2409 1091 2505; baseline 0.002 -21"><span class='ocrx_word' id='word_1_137' title='bbox 79 2421 190 2484; x_wconf 86' lang='grc' dir='ltr'><em>πάσαν</em></span> <span class='ocrx_word' id='word_1_138' title='bbox 214 2409 276 2485; x_wconf 84' lang='grc' dir='ltr'><em>οὖν</em></span> <span class='ocrx_word' id='word_1_139' title='bbox 299 2415 476 2505; x_wconf 76' lang='grc' dir='ltr'><em>ῥᾳστώνην</em></span> <span class='ocrx_word' id='word_1_140' title='bbox 494 2416 549 2482; x_wconf 85' lang='grc' dir='ltr'><em>καλ</em></span> <span class='ocrx_word' id='word_1_141' title='bbox 568 2413 776 2502; x_wconf 86' lang='grc' dir='ltr'><em>φενακισμὸν</em></span> <span class='ocrx_word' id='word_1_142' title='bbox 794 2412 1013 2504; x_wconf 86' lang='grc' dir='ltr'><em>άποθέμενος,</em></span> <span class='ocrx_word' id='word_1_143' title='bbox 1037 2421 1091 2487; x_wconf 83' lang='grc' dir='ltr'><em>καί</em></span> 
     </span>
     <span class='ocr_line' id='line_1_21' title="bbox 40 2514 1093 2612; baseline 0.005 -21"><span class='ocrx_word' id='word_1_144' title='bbox 40 2551 67 2591; x_wconf 79' lang='grc' dir='ltr'><em>ιο</em></span> <span class='ocrx_word' id='word_1_145' title='bbox 80 2522 141 2591; x_wconf 87' lang='grc' dir='ltr'><em>τὸν</em></span> <span class='ocrx_word' id='word_1_146' title='bbox 177 2530 371 2612; x_wconf 87' lang='grc' dir='ltr'><em>μακαρίτην</em></span> <span class='ocrx_word' id='word_1_147' title='bbox 399 2525 529 2590; x_wconf 81' lang='grc' dir='ltr'><em>ἐκεῖνον</em></span> <span class='ocrx_word' id='word_1_148' title='bbox 560 2523 614 2588; x_wconf 78' lang='grc' dir='ltr'><em>καὶ</em></span> <span class='ocrx_word' id='word_1_149' title='bbox 648 2549 707 2601; x_wconf 90' lang='grc' dir='ltr'><em>τας</em></span> <span class='ocrx_word' id='word_1_150' title='bbox 735 2526 803 2590; x_wconf 79' lang='grc' dir='ltr'><em>τῶν</em></span> <span class='ocrx_word' id='word_1_151' title='bbox 835 2514 873 2591; x_wconf 82' lang='grc' dir='ltr'><em>εὖ</em></span> <span class='ocrx_word' id='word_1_152' title='bbox 905 2527 1093 2612; x_wconf 89' lang='grc' dir='ltr'><em>γεγονότων</em></span> 
     </span>
     <span class='ocr_line' id='line_1_22' title="bbox 81 2627 1093 2719; baseline 0.001 -21"><span class='ocrx_word' id='word_1_153' title='bbox 81 2637 274 2718; x_wconf 87' lang='grc' dir='ltr'><em>περιουσίας</em></span> <span class='ocrx_word' id='word_1_154' title='bbox 304 2630 366 2710; x_wconf 86' lang='grc' dir='ltr'><em>τάς</em></span> <span class='ocrx_word' id='word_1_155' title='bbox 395 2634 442 2709; x_wconf 89' lang='grc' dir='ltr'><em>είς</em></span> <span class='ocrx_word' id='word_1_156' title='bbox 474 2630 514 2696; x_wconf 90' lang='grc' dir='ltr'><em>σέ</em></span> <span class='ocrx_word' id='word_1_157' title='bbox 541 2653 576 2695; x_wconf 90' lang='grc' dir='ltr'><em>τε</em></span> <span class='ocrx_word' id='word_1_158' title='bbox 607 2629 662 2695; x_wconf 85' lang='grc' dir='ltr'><em>καλ</em></span> <span class='ocrx_word' id='word_1_159' title='bbox 692 2627 771 2708; x_wconf 84' lang='grc' dir='ltr'><em>τοὺς</em></span> <span class='ocrx_word' id='word_1_160' title='bbox 802 2627 1010 2719; x_wconf 85' lang='grc' dir='ltr'><em>ὁμοτρόπους</em></span> <span class='ocrx_word' id='word_1_161' title='bbox 1040 2654 1093 2702; x_wconf 88' lang='grc' dir='ltr'><em>σοι</em></span> 
     </span>
    </p>

    <p class='ocr_par' dir='ltr' id='par_1_7' title="bbox 16 2731 1094 2825">
     <span class='ocr_line' id='line_1_23' title="bbox 16 2731 1094 2825; baseline 0.001 -20"><span class='ocrx_word' id='word_1_162' title='bbox 16 2760 19 2766; x_wconf 92' lang='grc'><strong><em>·</em></strong></span> <span class='ocrx_word' id='word_1_163' title='bbox 82 2737 275 2825; x_wconf 85' lang='grc' dir='ltr'><em>βαρβάρους</em></span> <span class='ocrx_word' id='word_1_164' title='bbox 301 2733 366 2804; x_wconf 82' lang='grc' dir='ltr'><em>ὑπὸ</em></span> <span class='ocrx_word' id='word_1_165' title='bbox 394 2739 455 2802; x_wconf 85' lang='grc' dir='ltr'><em>τοῦ</em></span> <span class='ocrx_word' id='word_1_166' title='bbox 483 2731 670 2820; x_wconf 88' lang='grc' dir='ltr'><em>άβροτάτον</em></span> <span class='ocrx_word' id='word_1_167' title='bbox 697 2735 752 2802; x_wconf 86' lang='grc' dir='ltr'><em>καὶ</em></span> <span class='ocrx_word' id='word_1_168' title='bbox 775 2741 976 2816; x_wconf 83' lang='grc' dir='ltr'><em>πολυτελοῦς</em></span> <span class='ocrx_word' id='word_1_169' title='bbox 999 2745 1094 2806; x_wconf 90' lang='grc' dir='ltr'><em>Κων-</em></span> 
     </span>
    </p>
   </div>
   <div class='ocr_carea' id='block_1_7' title="bbox 81 2891 1099 3573">
    <p class='ocr_par' dir='ltr' id='par_1_8' title="bbox 81 2891 1097 3573">
     <span class='ocr_line' id='line_1_24' title="bbox 150 2891 1094 2962; baseline 0.002 -14"><span class='ocrx_word' id='word_1_170' title='bbox 150 2900 166 2948; x_wconf 83' lang='grc'>2</span> <span class='ocrx_word' id='word_1_171' title='bbox 185 2891 219 2951; x_wconf 83' lang='grc' dir='ltr'><em>οά</em></span> <span class='ocrx_word' id='word_1_172' title='bbox 239 2899 357 2950; x_wconf 80' lang='lat' dir='ltr'><strong>accessit</strong></span> <span class='ocrx_word' id='word_1_173' title='bbox 373 2913 388 2948; x_wconf 83' lang='grc' dir='ltr'><em>ο</em></span> <span class='ocrx_word' id='word_1_174' title='bbox 405 2897 484 2947; x_wconf 82' lang='lat' dir='ltr'><strong>libris</strong></span> <span class='ocrx_word' id='word_1_175' title='bbox 503 2894 531 2961; x_wconf 89' lang='lat' dir='ltr'><em>(i.</em></span> <span class='ocrx_word' id='word_1_176' title='bbox 545 2911 568 2948; x_wconf 87' lang='grc' dir='ltr'><em>ε.</em></span> <span class='ocrx_word' id='word_1_177' title='bbox 587 2894 765 2946; x_wconf 77' lang='lat' dir='ltr'>Ambrosiano</span> <span class='ocrx_word' id='word_1_178' title='bbox 783 2895 936 2962; x_wconf 66' lang='lat' dir='ltr'>Mnratorst,</span> <span class='ocrx_word' id='word_1_179' title='bbox 955 2898 1073 2949; x_wconf 84' lang='lat' dir='ltr'>Wolfii</span> <span class='ocrx_word' id='word_1_180' title='bbox 1066 2917 1094 2950; x_wconf 83' lang='grc' dir='ltr'><em>ιο</em></span> 
     </span>
     <span class='ocr_line' id='line_1_25' title="bbox 81 2960 1094 3045; baseline 0.001 -29"><span class='ocrx_word' id='word_1_181' title='bbox 81 2967 194 3022; x_wconf 81' lang='lat' dir='ltr'><strong>Libanii</strong></span> <span class='ocrx_word' id='word_1_182' title='bbox 213 2966 361 3031; x_wconf 79' lang='lat' dir='ltr'>Epistolio‚</span> <span class='ocrx_word' id='word_1_183' title='bbox 388 2965 548 3045; x_wconf 79' lang='grc' dir='ltr'><em>Μοοερεοεὶ</em></span> <span class='ocrx_word' id='word_1_184' title='bbox 567 2960 615 3044; x_wconf 79' lang='lat' dir='ltr'><em>[G]</em></span> <span class='ocrx_word' id='word_1_185' title='bbox 637 2969 665 3013; x_wconf 83' lang='lat' dir='ltr'><em>et</em></span> <span class='ocrx_word' id='word_1_186' title='bbox 683 2962 871 3015; x_wconf 75' lang='lat' dir='ltr'>ottoboniano</span> <span class='ocrx_word' id='word_1_187' title='bbox 889 2965 933 3029; x_wconf 89' lang='grc'><em>90)</em></span> <span class='ocrx_word' id='word_1_188' title='bbox 1012 2970 1028 3017; x_wconf 92' lang='grc'><strong>3</strong></span> <span class='ocrx_word' id='word_1_189' title='bbox 1047 2967 1094 3030; x_wconf 79' lang='grc' dir='ltr'><em>ζω</em></span> 
     </span>
     <span class='ocr_line' id='line_1_26' title="bbox 82 3005 1094 3117; baseline 0.002 -33.038"><span class='ocrx_word' id='word_1_190' title='bbox 82 3025 195 3117; x_wconf 79' lang='grc' dir='ltr'><em>γράφω</em></span> <span class='ocrx_word' id='word_1_191' title='bbox 203 3033 227 3084; x_wconf 99' lang='lat' dir='ltr'><strong>G</strong></span> <span class='ocrx_word' id='word_1_192' title='bbox 244 3035 339 3086; x_wconf 80' lang='lat' dir='ltr'>Ottob.</span> <span class='ocrx_word' id='word_1_193' title='bbox 354 3005 400 3099; x_wconf 87' lang='grc'><em>90]</em></span> <span class='ocrx_word' id='word_1_194' title='bbox 428 3026 520 3112; x_wconf 84' lang='grc' dir='ltr'><em>πρὸς</em></span> <span class='ocrx_word' id='word_1_195' title='bbox 518 3030 668 3116; x_wconf 80' lang='grc' dir='ltr'><em>ζωγραφον</em></span> <span class='ocrx_word' id='word_1_196' title='bbox 748 3032 763 3080; x_wconf 88' lang='grc'><strong>6</strong></span> <span class='ocrx_word' id='word_1_197' title='bbox 788 3026 904 3096; x_wconf 75' lang='grc' dir='ltr'><em>ἔφερον,</em></span> <span class='ocrx_word' id='word_1_198' title='bbox 932 3029 1042 3098; x_wconf 79' lang='grc' dir='ltr'><em>μᾶλλον</em></span> <span class='ocrx_word' id='word_1_199' title='bbox 1061 3031 1094 3086; x_wconf 86' lang='grc' dir='ltr'><em>δε</em></span> 
     </span>
     <span class='ocr_line' id='line_1_27' title="bbox 83 3090 1094 3165; baseline -0.001 -12"><span class='ocrx_word' id='word_1_200' title='bbox 83 3095 142 3154; x_wconf 79' lang='grc' dir='ltr'><em>δπὸ</em></span> <span class='ocrx_word' id='word_1_201' title='bbox 161 3098 217 3152; x_wconf 80' lang='grc' dir='ltr'><em>τῶν</em></span> <span class='ocrx_word' id='word_1_202' title='bbox 237 3094 316 3152; x_wconf 83' lang='grc' dir='ltr'><em>θεων</em></span> <span class='ocrx_word' id='word_1_203' title='bbox 335 3101 395 3151; x_wconf 85' lang='lat' dir='ltr'><strong>add.</strong></span> <span class='ocrx_word' id='word_1_204' title='bbox 415 3100 438 3149; x_wconf 87' lang='lat' dir='ltr'><strong>G</strong></span> <span class='ocrx_word' id='word_1_205' title='bbox 482 3090 649 3165; x_wconf 82' lang='grc' dir='ltr'><em>9’λρσακίω</em></span> <span class='ocrx_word' id='word_1_206' title='bbox 667 3099 835 3150; x_wconf 84' lang='lat' dir='ltr'>Sozomenus</span> <span class='ocrx_word' id='word_1_207' title='bbox 852 3099 898 3160; x_wconf 88' lang='lat' dir='ltr'><em>VI</em></span> <span class='ocrx_word' id='word_1_208' title='bbox 920 3105 942 3151; x_wconf 92' lang='lat'><em>1.</em></span> <span class='ocrx_word' id='word_1_209' title='bbox 989 3104 1021 3154; x_wconf 86' lang='lat'><em>10</em></span> <span class='ocrx_word' id='word_1_210' title='bbox 1039 3099 1094 3152; x_wconf 81' lang='grc' dir='ltr'><em>τῶν</em></span> 
     </span>
     <span class='ocr_line' id='line_1_28' title="bbox 83 3151 1096 3252; baseline 0 -32"><span class='ocrx_word' id='word_1_211' title='bbox 83 3169 230 3252; x_wconf 85' lang='grc' dir='ltr'><em>πολεμίων</em></span> <span class='ocrx_word' id='word_1_212' title='bbox 248 3169 309 3221; x_wconf 84' lang='lat' dir='ltr'><em>add</em></span> <span class='ocrx_word' id='word_1_213' title='bbox 329 3168 466 3220; x_wconf 71' lang='lat' dir='ltr'><em>GOttob</em></span> <span class='ocrx_word' id='word_1_214' title='bbox 485 3171 518 3219; x_wconf 88' lang='grc'><em>90</em></span> <span class='ocrx_word' id='word_1_215' title='bbox 580 3170 611 3217; x_wconf 87' lang='grc'><em>14</em></span> <span class='ocrx_word' id='word_1_216' title='bbox 629 3151 785 3231; x_wconf 76' lang='grc' dir='ltr'><em>ἓνορίαςθι</em></span> <span class='ocrx_word' id='word_1_217' title='bbox 792 3159 935 3233; x_wconf 82' lang='grc' dir='ltr'><em>,εὐορίας</em></span> <span class='ocrx_word' id='word_1_218' title='bbox 952 3168 1096 3220; x_wconf 80' lang='lat' dir='ltr'>Muratorii</span> 
     </span>
     <span class='ocr_line' id='line_1_29' title="bbox 83 3227 1096 3317; baseline -0.002 -29"><span class='ocrx_word' id='word_1_219' title='bbox 83 3237 185 3298; x_wconf 78' lang='lat' dir='ltr'>codex,</span> <span class='ocrx_word' id='word_1_220' title='bbox 216 3229 370 3317; x_wconf 79' lang='grc' dir='ltr'><em>ἐφορίας</em></span> <span class='ocrx_word' id='word_1_221' title='bbox 362 3252 396 3286; x_wconf 79' lang='grc' dir='ltr'><em>ιιι</em></span> <span class='ocrx_word' id='word_1_222' title='bbox 418 3235 588 3286; x_wconf 83' lang='lat' dir='ltr'>confiniis</span> <span class='ocrx_word' id='word_1_223' title='bbox 611 3234 808 3286; x_wconf 83' lang='lat' dir='ltr'>Parthorum</span> <span class='ocrx_word' id='word_1_224' title='bbox 831 3236 909 3295; x_wconf 62' lang='lat' dir='ltr'><em>Rsk„</em></span> <span class='ocrx_word' id='word_1_225' title='bbox 941 3227 1096 3296; x_wconf 78' lang='grc' dir='ltr'><em>εόοδίαςτ</em></span> 
     </span>
     <span class='ocr_line' id='line_1_30' title="bbox 88 3274 1096 3384; baseline 0.001 -29"><span class='ocrx_word' id='word_1_226' title='bbox 88 3307 119 3355; x_wconf 83' lang='lat'><em>15</em></span> <span class='ocrx_word' id='word_1_227' title='bbox 137 3274 188 3355; x_wconf 76' lang='grc' dir='ltr'><em>καδ</em></span> <span class='ocrx_word' id='word_1_228' title='bbox 206 3297 242 3354; x_wconf 87' lang='grc' dir='ltr'><em>τά</em></span> <span class='ocrx_word' id='word_1_229' title='bbox 261 3296 415 3355; x_wconf 87' lang='grc' dir='ltr'><em>δεινότατα</em></span> <span class='ocrx_word' id='word_1_230' title='bbox 434 3297 660 3384; x_wconf 85' lang='grc' dir='ltr'><em>διατιθεμένους</em></span> <span class='ocrx_word' id='word_1_231' title='bbox 679 3318 730 3352; x_wconf 91' lang='lat' dir='ltr'><em>om.</em></span> <span class='ocrx_word' id='word_1_232' title='bbox 750 3303 884 3358; x_wconf 83' lang='lat' dir='ltr'><strong>GOttob.</strong></span> <span class='ocrx_word' id='word_1_233' title='bbox 903 3306 935 3355; x_wconf 91' lang='grc'><em>90</em></span> <span class='ocrx_word' id='word_1_234' title='bbox 961 3303 965 3367; x_wconf 79' lang='grc' dir='ltr'>Ι</span> <span class='ocrx_word' id='word_1_235' title='bbox 992 3304 1096 3356; x_wconf 83' lang='grc' dir='ltr'><em>διαθε-</em></span> 
     </span>
     <span class='ocr_line' id='line_1_31' title="bbox 84 3360 1097 3438; baseline -0.002 -16"><span class='ocrx_word' id='word_1_236' title='bbox 84 3366 191 3438; x_wconf 85' lang='grc' dir='ltr'><em>μένους</em></span> <span class='ocrx_word' id='word_1_237' title='bbox 204 3361 347 3436; x_wconf 85' lang='lat' dir='ltr'><strong>Sintenis]</strong></span> <span class='ocrx_word' id='word_1_238' title='bbox 362 3365 589 3437; x_wconf 81' lang='grc' dir='ltr'><em>διατιθεμένους</em></span> <span class='ocrx_word' id='word_1_239' title='bbox 644 3373 674 3421; x_wconf 83' lang='grc'><em>17</em></span> <span class='ocrx_word' id='word_1_240' title='bbox 692 3360 761 3435; x_wconf 78' lang='grc' dir='ltr'><em>ὑμῖν</em></span> <span class='ocrx_word' id='word_1_241' title='bbox 778 3369 959 3434; x_wconf 76' lang='lat' dir='ltr'>Muratorius3</span> <span class='ocrx_word' id='word_1_242' title='bbox 979 3373 1097 3422; x_wconf 81' lang='lat' dir='ltr'>correxit</span> 
     </span>
     <span class='ocr_line' id='line_1_32' title="bbox 84 3409 1098 3519; baseline 0.001 -29"><span class='ocrx_word' id='word_1_243' title='bbox 84 3439 188 3504; x_wconf 81' lang='lat' dir='ltr'>Heylor</span> <span class='ocrx_word' id='word_1_244' title='bbox 257 3442 290 3490; x_wconf 77' lang='lat'><em>20</em></span> <span class='ocrx_word' id='word_1_245' title='bbox 312 3431 424 3490; x_wconf 74' lang='grc' dir='ltr'><em>ἐκεῖνον</em></span> <span class='ocrx_word' id='word_1_246' title='bbox 442 3438 466 3487; x_wconf 87' lang='lat' dir='ltr'><strong>G</strong></span> <span class='ocrx_word' id='word_1_247' title='bbox 484 3439 577 3493; x_wconf 81' lang='lat' dir='ltr'>Ottob</span> <span class='ocrx_word' id='word_1_248' title='bbox 588 3434 639 3519; x_wconf 89' lang='lat'><em>90]</em></span> <span class='ocrx_word' id='word_1_249' title='bbox 666 3439 904 3489; x_wconf 86' lang='grc' dir='ltr'><em>Κωνσταντινον</em></span> <span class='ocrx_word' id='word_1_250' title='bbox 952 3409 987 3488; x_wconf 72' lang='lat'><em>’22</em></span> <span class='ocrx_word' id='word_1_251' title='bbox 1010 3441 1098 3490; x_wconf 88' lang='grc' dir='ltr'><em>πολν</em></span> 
     </span>
     <span class='ocr_line' id='line_1_33' title="bbox 84 3498 1099 3573; baseline -0.001 -14"><span class='ocrx_word' id='word_1_252' title='bbox 84 3507 186 3566; x_wconf 79' lang='grc' dir='ltr'><em>τελοῦς</em></span> <span class='ocrx_word' id='word_1_253' title='bbox 205 3505 336 3573; x_wconf 82' lang='lat' dir='ltr'><strong>Sintenis]</strong></span> <span class='ocrx_word' id='word_1_254' title='bbox 356 3506 515 3565; x_wconf 77' lang='grc' dir='ltr'><em>πολυετοῦς</em></span> <span class='ocrx_word' id='word_1_255' title='bbox 534 3522 560 3571; x_wconf 82' lang='lat' dir='ltr'><em>v,</em></span> <span class='ocrx_word' id='word_1_256' title='bbox 578 3498 700 3571; x_wconf 85' lang='grc' dir='ltr'><em>άοεβους</em></span> <span class='ocrx_word' id='word_1_257' title='bbox 717 3505 829 3570; x_wconf 68' lang='grc' dir='ltr'><em>Τεσδελ</em></span> <span class='ocrx_word' id='word_1_258' title='bbox 843 3503 1010 3573; x_wconf 68' lang='grc' dir='ltr'><em>(ὃτυδίεοο.</em></span> <span class='ocrx_word' id='word_1_259' title='bbox 1025 3507 1099 3558; x_wconf 81' lang='lat' dir='ltr'><em>Cha</em></span> 
     </span>
    </p>
   </div>
   <div class='ocr_carea' id='block_1_8' title="bbox 0 0 1228 3862">
    <p class='ocr_par' dir='ltr' id='par_1_9' title="bbox 0 0 1228 3862">
     <span class='ocr_line' id='line_1_34' title="bbox 0 0 1228 3862; baseline 0 0"><span class='ocrx_word' id='word_1_260' title='bbox 0 0 1228 3862; x_wconf 95' lang='lat' dir='ltr'><em> </em></span> 
     </span>
    </p>
   </div>
  </div>
 </body>
</html>
