2416 3864
146 172 208 235 334
443 172 585 224 ιυιιευι
608 169 858 221 Ιιιυοκινοιυε

94 299 297 388 εοεριότερον
326 298 392 387 μὴν
424 298 555 379 τούτοις
591 300 804 386 συγχωρῆσαι
835 303 949 384 τρίτον
982 303 1056 366 δεῖν
1088 300 1154 366 ἕπε-

148 417 228 474 σθαι
261 407 409 493 τέχνην.“
456 401 526 472 εἶτα
559 400 678 472 ὁποῖον
710 401 797 471 εἶναι
829 403 890 492 χρὴ
919 403 979 472 τὸν
1007 410 1155 491 τεχνίτην

146 514 202 580 καὶ
239 509 447 600 δημιουργόν
483 512 551 577 τῶν
587 513 699 578 καλῶν
735 509 886 598 πράξεων
923 511 979 578 καὶ
1022 509 1154 597 βασιλέα

145 617 230 688 θεὸν
249 614 468 706 ύπογράφων·
498 615 702 702 ,,Γινω’σκων
722 612 739 684 ὁ
759 615 892 704 Κρόνος
910 615 987 703 ἀρα,
1006 615 1154 704 καθάπερ

146 722 249 813 ἡμεῖς,
278 731 371 811 φησί,
401 722 657 810 διεληλύθαμεν,
686 718 730 803 ὥς
748 719 946 809 ἀνθρωπεία
973 722 1079 810 φύσις
1102 717 1175 790 ούι

146 835 235 920 δαμῇ
264 827 404 919 ούδεμία
434 828 600 917 ίκαυὴτά
628 826 828 917 ἀνθρώπινα
857 833 1032 898 διοικοῦσα
1062 826 1154 897 αύτο-

146 938 276 1027 κράτωρ
304 937 411 1005 πάυτα
430 935 473 1025 μὴ
494 934 556 1023 ούχ
574 933 703 1024 ὕβρεώς
729 962 763 1003 τε
786 936 842 1004 καὶ
870 932 1002 1016 ἀδικίας
1020 936 1154 1022 μεστού-

105 1054 245 1130 Βσθαι,
272 1041 365 1112 ταῦτ’
397 1035 460 1112 οὖν
488 1042 729 1129 διανοούμενος
757 1043 873 1129 ἐφίστη
902 1042 976 1110 τότε
1002 1042 1155 1130 ιβασιλέας

145 1152 201 1219 καὶ
220 1149 396 1240 ’ἀρχοντας
432 1165 503 1230 ταῖς
539 1149 675 1217 πόλεσιν
713 1144 807 1236 ἡμῶν
844 1145 907 1217 οὐκ
943 1145 1154 1234 ἀνθρώπους,

145 1254 229 1325 ἀλλά
257 1257 376 1341 γένους
394 1255 569 1343 θειοτέρου
593 1255 647 1322 καὶ
667 1252 854 1343 ἀμείνονος,
882 1259 1057 1342 δαίμονας,
1086 1247 1184 1321 οἷουιο

146 1365 211 1429 νῦν
243 1357 337 1448 ἡμεῖς
369 1364 501 1449 δρῶμεν
538 1375 608 1441 τοῖς
638 1368 793 1448 ποιμνίος
824 1362 879 1429 καὶ
912 1358 1004 1429 ὅσων
1042 1356 1157 1448 ἡμεροί

146 1472 232 1535 είσιν
260 1464 387 1552 ἀγέλαι·
421 1463 462 1536 ού
490 1469 573 1555 βοῦς
602 1469 694 1554 βοῶν
727 1464 807 1536 οὐδὲ
835 1465 931 1553 αἶγας
964 1469 1074 1552 αι’γων
1101 1463 1154 1554 ἀρ-

145 1599 265 1662 χουτας
300 1577 462 1662 ποιοῦμεν
499 1571 614 1653 αὐτοῖς
654 1601 767 1660 τινας,
804 1571 875 1642 ἀλλ’
915 1569 1010 1661 ἡμεῖς
1047 1569 1155 1640 αὐτῶν

146 1680 363 1769 δεσπόζομεν,
395 1678 533 1768 ἀμεινον
561 1682 698 1749 ἐκείνων
730 1681 835 1765 γένος.
880 1677 1004 1748 ταύτὸν
1032 1677 1076 1766 δὴ
1104 1677 1155 1746 καλ

147 1783 164 1855 δ
192 1785 273 1868 θεὸς
300 1788 541 1875 φιλάνθρωπος
574 1782 622 1855 ἀν
655 1785 732 1874 [τὸ]
766 1788 861 1871 γένος
893 1783 1033 1874 ἀμεινον
1065 1781 1184 1873 ἡμῶνυ

103 1882 105 1884 V
146 1895 263 1982 ἐφίστη
291 1892 328 1962 τὸ
357 1897 424 1965 των
453 1892 640 1982 δαιμόνων,
674 1889 692 1960 δ
721 1889 777 1961 διά
805 1895 928 1979 πολλῆς
956 1891 1017 1980 μὲν
1045 1887 1155 1968 αὐτοῖς

107 1986 334 2090 Ορηίσττόνης,
363 1999 419 2069 διά
446 2003 569 2087 πολλῆς
597 1996 628 2066 δ’
658 1995 754 2087 ἡμῖν,
788 1998 1025 2087 ἐπιμελόμενον
1053 1993 1154 2085 ἡμῶν,

137 2107 285 2196 ἐἰρήνην
311 2134 346 2174 τε
373 2109 428 2175 καὶ
457 2109 542 2175 αίδω
575 2106 631 2175 καὶ
659 2103 702 2192 δὴ
730 2102 904 2191 ἀφθονίαν
937 2109 1033 2191 δίκης
1061 2128 1155 2190 παρε-

145 2213 299 2300 χόμενον,
322 2210 526 2280 ἀστασίαστα
544 2213 600 2279 καὶ
619 2208 803 2299 εὐδαίμονα
821 2209 861 2279 τά
880 2213 947 2279 τῶν
966 2207 1156 2300 ἀνθρώπων

147 2315 357 2404 ἀπειγράζετο
385 2322 475 2405 γένη.
521 2319 607 2403 λέγει
635 2315 677 2405 δὴ
705 2318 760 2386 καὶ
788 2319 854 2385 νύν
886 2308 985 2397 οὗτος
1014 2313 1031 2385 ὁ
1061 2316 1186 2402 λόγοςιι

147 2420 288 2512 ἀληθείη
315 2422 499 2512 χρώμενος,
529 2420 619 2491 ὅσων
646 2423 777 2493 πόλεων
804 2421 848 2512 μὴ
876 2423 972 2508 θεός,
1002 2420 1086 2491 ἀλλά
1112 2447 1158 2500 τις

147 2526 239 2617 ἀρχει
269 2529 410 2616 θνητός,
444 2526 505 2597 ούκ
538 2535 607 2597 ἐστι
639 2532 751 2598 κακῶν
784 2526 899 2610 αύτοῖς
932 2526 1014 2598 ούδδ
1045 2529 1158 2597 πόνων

147 2631 327 2716 ἀνάφυξις·
365 2632 447 2704 ἀλλά
483 2646 657 2724 μιμεῖσθαι
695 2640 768 2704 δεῖν
804 2631 890 2723 ἡμᾶς
931 2644 1035 2704 οἴεται
1072 2634 1158 2720 πάση

215 2805 228 2851 1
253 2793 365 2860 τούτοις
384 2802 577 2869 συγχωρῆσαι·
602 2820 617 2852 τ
637 2801 699 2853 ίτον
717 2805 756 2866 V,
778 2801 876 2869 τρίτον
894 2801 1077 2869 ξυγχωρῆσαι
1095 2794 1158 2852 τού·

75 2902 77 2906 »
133 2880 206 2929 ’τοις
228 2868 301 2921 Plat.
319 2875 372 2935 pet.
392 2870 488 2935 spanh.
521 2869 526 2935 ί
559 2819 634 2936 δεῖνδ
656 2865 684 2919 δ’
704 2856 742 2934 ἦν
764 2870 789 2918 V
874 2866 998 2932 λθεδν]
1022 2870 1112 2920 θεῖον
1134 2867 1159 2917 Η

146 2939 311 3002 5-p.335,9
329 2932 477 3016 γινώσκων
494 2935 681 3003 -σωτηρίας
699 2933 828 3017 μηχανῇ]
847 2939 1019 3002 Plat.Legg.
1032 2938 1072 2987 IV
1086 2932 1158 2988 *1130

145 3004 301 3088 17¹4A'i
333 3019 501 3083 γιγνωσκωη
515 3005 590 3058 Plat.
659 3004 808 3072 ὁουδαμη
828 3005 908 3056 abest
926 3006 1000 3069 apud
1018 3004 1093 3086 Plap.
1143 3003 1158 3050 6

145 3075 367 3191 iiiiii?
399 3072 928 3202 10⁸22⁰222¹²12¹ii⁸“iiiimsiiss
940 3071 1158 3191 {iiiii‘ssifii

145 3208 271 3259 Platonis
290 3209 355 3258 libri
373 3209 473 3274 partim
555 3210 586 3258 12
606 3199 675 3260 ούδὶ
694 3210 719 3259 V
737 3211 766 3258 et
784 3206 867 3273 Plan]
886 3199 952 3260 οὐδ’
1035 3209 1067 3257 13
1087 3197 1157 3257 ἀλλά

146 3276 219 3326 Ρλοῖ.
300 3277 332 3326 15
354 3267 370 3327 ό
394 3269 466 3336 θεός
490 3267 547 3342 ἀρα
569 3271 619 3326 καλ
643 3275 706 3340 φιλ.
726 3275 796 3325 Plat.
830 3274 834 3337 Ι
866 3267 899 3326 τὸ
923 3274 996 3341 apud
1013 3274 1159 3326 Platonem

146 3338 344 3394 Stallbaumius
371 3350 448 3394 recte
475 3345 552 3393 uncis
579 3342 771 3407 circumsepsit
847 3345 888 3394 ’17
916 3337 966 3393 διὰ
990 3342 1072 3392 abest
1089 3338 1158 3406 apud

145 3411 230 3474 Plat„
248 3410 383 3460 inclusum
401 3413 430 3460 in
449 3417 505 3477 pet.
526 3416 555 3461 et
574 3410 668 3474 spanh.
701 3408 706 3475 Ι
739 3401 966 3474 ἐπιμελούμενον
984 3409 1058 3461 ΡΙοῖ.
1128 3408 1158 3458 18

146 3473 220 3528 αἰδῶ
238 3474 326 3596 Plan}
341 3473 414 3529 αίδώ
447 3477 464 3558 Ιε
483 3475 532 3558 κηιὶ
551 3473 670 3557 maai
690 3470 831 3543 εύνομίοιν
849 3477 899 3557 ηαλ
916 3477 988 3532 Ρῖοῖ,
1070 3481 1103 3528 20
1122 3471 1157 3538 δὴ

146 3544 170 3593 V
184 3543 272 3620 Παλ]
292 3542 311 3595 δ
395 3548 426 3596 21
446 3562 484 3605 ως
501 3561 575 3598 οσων
594 3562 631 3595 αν
650 3545 722 3595 Plat.
792 3547 825 3595 22
842 3561 917 3613 αρχη
934 3545 1006 3596 Plat.
