2446 3870
147 156 210 218 220
446 155 591 207 mmm
608 153 855 206 ιωοωιιιτοειιε
924 191 927 198 ,

147 311 212 372 ρια.
253 287 287 350 τί
311 281 374 370 γάρ
404 278 649 368 εὐθυμότερον,
676 286 712 348 τί
736 279 773 350 δὲ
802 278 1003 368 ἱλαρώτερον
1031 282 1161 366 γένοιτο

148 384 192 458 άν
219 391 326 477 ψυχῆς
354 385 508 475 ἀπειρίαν
526 386 587 474 μέν
614 388 669 454 καί
697 387 829 472 γένεσιν
852 387 907 454 καὶ
933 384 993 454 τὸν
1012 389 1049 454 ἐν
1077 385 1163 478 αὐτῇ

148 495 304 564 κλύδωνα
329 492 589 581 διαφυγούσης,
626 492 678 560 ἐπὶ
711 490 748 559 δέ
783 489 863 572 τοὺς
898 489 1000 572 θεοὺς
1037 489 1164 575 αὐτοὺς

148 599 365 687 άναχθείσης;
399 591 447 667 ών
480 601 539 666 ἕνα
571 599 627 666 καὶ
659 595 720 666 τὸν
743 594 855 665 ’Ἁττιν
889 594 970 666 όντα
997 604 1164 687 περιεῖδεν

149 703 305 794 οὑδαμώς
331 700 353 793 ἡ
381 708 448 773 τών
466 707 560 774 θεών
578 702 702 793 Μήτηρ
729 709 907 792 βαδίζοντα
925 703 1040 791 πρόσω
1059 707 1190 775 πλέονε

147 808 168 901 ἢ
197 815 292 902 χρῆν,
319 808 403 899 πρὸς
431 809 553 899 ἑαυτὴν
572 810 610 879 δὲ
628 811 815 898 ἐπέστρεψε,
844 812 963 897 στῆσαι
984 808 1053 897 τὴν
1072 808 1164 880 ἄπει-

150 925 228 1007 ρίαν
254 917 475 1008 προστάξασα.

230 1025 297 1091 Καὶ
315 1023 359 1111 μή
378 1050 428 1104 τις
446 1018 599 1110 ὑπολάβῃ
617 1049 657 1109 με
675 1023 794 1107 λέγειν,
823 1016 868 1101 ώς
884 1024 990 1089 ταῦτα
1013 1021 1163 1111 ἐπράχθη

99 1129 234 1202 ιιοποτδ
266 1131 321 1198 καί
358 1130 512 1215 γέγονεν,
545 1125 655 1216 ώσπερ
692 1123 755 1196 οὑκ
791 1126 932 1195 εἰδότων
968 1130 1036 1194 τών
1071 1131 1166 1198 θεών

151 1232 274 1321 αὐτῶν,
302 1231 369 1321 ὅ,τι
396 1232 608 1321 ποιήσουσιν,
636 1229 656 1320 ἢ
684 1230 725 1300 τά
753 1235 851 1319 σφών
878 1228 991 1302 αὑτών
1019 1229 1164 1325 άμαρτη-
1178 1261 1204 1301 ιο

151 1367 236 1428 ματα
274 1341 538 1426 διορθονμένων.
590 1335 673 1406 ἀλλά
710 1342 745 1406 οἰ
778 1341 914 1407 παλαιοί
951 1342 1019 1406 τών
1056 1337 1165 1409 όντων

152 1443 203 1513 άεί
235 1443 294 1525 τὰς
326 1449 447 1530 αἰτίας,
484 1442 559 1538 ἤτοι
595 1447 663 1512 τών
694 1447 787 1512 θεων
823 1440 1073 1533 ὑφηγουμένων
1105 1443 1165 1536 (ἢ)
1199 1444 1200 1447 “

152 1548 236 1619 κατὰ
269 1553 358 1637 σφᾶς
395 1547 519 1630 αὑτοὺς
551 1548 822 1638 διερευνώμενοι,
854 1552 987 1638 βέλτιον
1020 1550 1058 1619 δέ
1087 1562 1167 1634 ἰσως

153 1661 259 1726 εἰπεῖν
287 1659 460 1744 ζητοῦντες
486 1653 548 1742 ὑφ’
578 1652 717 1745 ἡγεμόσι
744 1670 814 1736 τοῖς
839 1667 945 1744 θεοῖς,
973 1663 1084 1725 ἔπειτα
1112 1654 1167 1727 εὑ-

153 1762 269 1851 ρόντες
296 1764 482 1833 ἐσκέπασαν
509 1759 595 1831 αὑτά
626 1760 750 1850 μάθοις
776 1762 992 1852 παραδόξοις,
1026 1768 1082 1831 ἵνα
1110 1763 1167 1833 διδι
1181 1788 1206 1830 ιι

153 1872 214 1937 τοῦ
245 1868 439 1958 παραδόξου
470 1870 525 1938 καί
559 1865 828 1956 άπεμφαίνοντος
859 1865 897 1937 τὸ
929 1869 1063 1957 πλάσμα
1096 1897 1166 1957 φω-

154 1975 260 2064 ραθδν
289 1977 342 2049 ἐπὶ
369 1973 432 2063 τὴν
451 1975 584 2064 ζήτησιν
611 1970 697 2063 ἡμᾶς
714 1977 773 2062 τῆς
800 1971 959 2062 άληθείας
986 1976 1167 2065 προτρέψη,

118 2097 224 2162 Βτοϊς
258 2082 319 2169 μέν
357 2081 504 2161 ἰδιώταις
536 2078 705 2169 άρκοόσης
737 2076 829 2167 οἶμαι
865 2083 922 2169 της
954 2077 1079 2167 άλόγου
1112 2084 1168 2150 καὶ

155 2187 212 2255 διὰ
239 2190 307 2255 τών
339 2187 520 2276 συμβόλων
552 2187 667 2274 μόνων
694 2181 870 2273 ώφελείας,
898 2201 967 2267 τοϊς
994 2186 1032 2256 δδ
1059 2213 1168 2277 περιτ·

155 2307 225 2371 τοῖς
250 2291 334 2361 κατὰ
365 2291 427 2380 τὴν
459 2291 628 2381 φρόνησιν
659 2289 766 2371 οὕτως
797 2287 840 2359 άν
871 2292 982 2379 μόνως
1009 2294 1169 2381 ἐσομένης
1182 2319 1208 2359 το

156 2393 327 2484 ώφελίμου
354 2400 413 2484 τῆς
439 2399 514 2486 περὶ
545 2399 639 2465 θεών
666 2394 842 2485 άληθείας,
874 2408 908 2466 εἰ
934 2426 984 2479 τις
1010 2398 1170 2481 ἐξετάζων

156 2498 263 2589 αὐτὴν
291 2498 352 2589 ὑφ’
384 2498 520 2590 ἡγεμόσι
546 2517 616 2583 τοϊς
642 2513 737 2584 θεοῖς
768 2500 861 2593 εὕροι
887 2505 944 2573 καὶ
971 2503 1083 2592 λάβοι,
1113 2504 1171 2574 διδι

156 2608 217 2696 μέν
243 2610 312 2676 τών
344 2608 549 2696 αἰνιγμάτων
580 2603 825 2696 ὑπομνησθείς,
857 2607 909 2678 ότι
941 2609 1004 2701 χρή
1031 2638 1062 2678 τι
1094 2612 1170 2701 περὶ

158 2711 269 2782 αὑτών
298 2721 418 2801 ζητεῖν,
451 2717 484 2795 ἐς
512 2715 603 2795 τέλος
631 2713 669 2782 δὲ
699 2716 755 2783 καί
783 2712 893 2803 ώσπερ
925 2715 1082 2806 κορυφὴν
1108 2720 1171 2786 τοῦ

122 2820 347 2910 Οπράγματος
380 2818 435 2888 διδι
467 2823 525 2909 τῆς
556 2822 703 2902 σκέψεως
720 2817 845 2908 ,εὑρών
876 2827 1074 2911 πορευθείη,
1108 2820 1211 2892 οὑκω

158 2933 251 2995 αἰδοῖ
276 2929 331 2994 καὶ
358 2932 465 2996 πίστει
493 2929 619 3013 μάλλον
647 2923 820 3014 ἀλλοτρίας
848 2928 946 3015 δόξης
974 2925 994 3015 ἢ
1022 2931 1062 3016 τῇ
1090 2948 1171 3016 σφε-

157 3035 235 3124 τέρᾳ
267 3030 350 3101 κατά
382 3027 467 3101 νοῦν
495 3035 653 3122 ἐνεργείᾳ.
697 3040 733 3101 τί
762 3025 826 3101 οὖν
853 3031 944 3102 εἰναί
968 3060 1093 3122 φαμεν,
1127 3030 1173 3115 ώς

226 3307 241 3357 8
260 3299 392 3375 ὑπολάβῃ
410 3306 446 3374 Η]
464 3299 608 3375 ὑπολάβοι
696 3311 726 3358 12
749 3298 765 3374 ἢ
787 3309 892 3373 adjecit
909 3309 937 3359 Η
1023 3312 1055 3360 15
1078 3300 1168 3376 αὑτά]

158 3366 251 3456 αρίάς
272 3375 316 3455 H·
387 3378 418 3426 19
439 3372 540 3458 μόνωη
553 3373 588 3443 V]
612 3369 701 3441 μόνον
787 3378 820 3427 20
840 3367 1071 3458 ἐσομένηςβΑοί
1089 3393 1171 3455 γενφ

157 3442 433 3571 μῷηηεητέερυὲιθεοδοω
451 3449 500 3494 aut
523 3460 560 3495 αν
579 3443 724 3494 delendum
810 3445 843 3494 26
865 3461 899 3511 τη
918 3458 1044 3516 σφετερηι
1062 3443 1101 3522 Η]
1119 3461 1171 3511 της
