2436 3870
153 156 216 221 378
455 159 599 211 ταιιεαι
620 159 869 212 εωεεκενοοιε

102 287 305 372 εκεδιόκων,
328 283 411 355 ἀλλά
438 288 543 352 ταῦτα
570 289 742 375 παρορῶν·
770 283 851 354 οὐδὲ
875 286 949 375 νάρ,
978 291 1010 354 εἰ
1025 287 1163 375 μηδενὸς

156 389 173 462 ὁ
201 390 282 473 θεὸς
310 397 430 476 δεῖται,
462 388 519 459 διὰ
545 393 644 459 τοῦτο
679 387 782 459 οὐδὲν
814 388 905 482 αύτῷ
937 396 1163 482 προσοιστέον·

155 496 235 567 οὐδέ
262 495 326 587 γὰρ
358 500 416 583 τῆς
443 494 500 564 διά
527 495 637 582 λόγων
665 493 832 585 εὐφημίας
864 502 979 565 δεῖται.
1024 505 1061 574 τί
1092 491 1163 581 ούν;

155 602 296 690 εύλογον
335 599 439 671 αὐτὸν
471 599 695 692 ἀποστερῆσαι
732 604 788 671 καί
824 602 967 690 ταύτης;
1005 601 1166 693 ούδαμως.

156 707 218 778 ούκ
246 707 311 796 ἀρα
339 705 420 777 οὐδὲ
446 711 505 796 της
532 705 588 776 διά
616 710 684 777 τῶν
712 714 821 797 ἔργων
848 714 895 788 εἰς
923 706 1028 778 αύτὸν
1057 737 1185 797 ymo-⁵

155 817 257 902 μένης
293 817 403 902 τιμῆς,
440 805 480 901 ἧς
515 814 786 901 ἐνομοθέτησαν,
804 811 865 883 ούκ
903 817 1054 884 ένιαντοί
1085 831 1165 907 τρεῖς

157 918 238 989 οὐδὲ
265 927 455 1009 τρισχίλιοι,
487 922 551 1000 πᾶς
583 918 620 987 δέ
653 914 671 987 ὁ
698 917 879 1009 προλαβόν
906 918 993 989 αἰτόν
1026 923 1065 990 έν
1091 925 1167 990 πᾶσι

155 1041 226 1107 τοῖς
252 1029 309 1114 της
337 1028 397 1114 γῆς
425 1031 571 1094 ἔθνεσιν.

116 1148 138 1201 Β
238 1128 336 1218 [Ἀλλ’
372 1127 434 1199 ούκ
470 1133 589 1220 ἐχρῆν,
627 1122 653 1199 ὦ
685 1134 797 1199 πᾶσαν
829 1132 1001 1219 δαιμόνων
1037 1131 1167 1220 πληθὺν

157 1235 394 1323 ἀναστηλώσας
425 1239 465 1324 τῇ
493 1238 536 1324 σῇ
568 1238 673 1324 ψυχῇ,
704 1235 784 1317 τοὺς
815 1235 898 1306 κατὰ
931 1237 968 1306 σέ
1000 1235 1198 1318 ἀνειδέουςο

155 1342 211 1409 καί
244 1338 508 1429 ἀσχηματίστονς
544 1351 905 1428 σωματοπλαστεῖσθαι.
956 1346 1028 1424 πῶς
1060 1344 1097 1414 δὲ
1129 1341 1167 1413 ού

156 1445 239 1527 ξύλα
279 1448 335 1514 καί
377 1452 497 1528 λύθονς
537 1454 727 1534 νομίσωμεν
768 1446 790 1516 ἀ
830 1464 936 1537 χεῖρες
976 1447 1167 1538 ἀνθρώπων

157 1552 376 1642 έμόρφωσαν;
410 1544 437 1621 ἀ
468 1554 524 1622 καί
551 1556 620 1621 τῶν
651 1560 760 1623 λίθων
792 1551 905 1624 αύτῶν
938 1552 1168 1646 ἀφρονέστερε,

118 1656 265 1740 δούτως
297 1668 359 1728 οίει
391 1659 518 1740 πάντας
549 1662 585 1728 ἐκ
616 1662 685 1728 τῶν
717 1663 823 1748 βινῶν
856 1663 1027 1747 ἕλκεσθαι,
1062 1660 1167 1750 ὥσπερ

157 1763 201 1834 σύ
228 1762 316 1853 παρά
343 1769 413 1834 των
440 1762 619 1853 ἀλιτηρίων
638 1765 819 1852 δαιμόνων,
848 1763 931 1835 ὥστε
949 1764 1056 1848 θεοὺς
1082 1764 1167 1856 ἡγεῖ·
1180 1791 1199 1832 15

157 1881 239 1939 σθαι
266 1869 307 1940 τδι
334 1868 448 1940 αὑτων
471 1869 772 1959 τεχνονργήματας]
798 1862 1005 1961 Ἀφορῶντες
1034 1864 1098 1942 οὖν
1125 1879 1169 1954 εἰς

155 1974 196 2045 τά
236 1981 304 2046 των
344 1981 437 2047 θεων
479 1974 650 2064 ἀγάλματα
690 1977 734 2064 μή
775 2004 826 2046 τοι
863 1985 1050 2066 νομίζωμεν
1087 1977 1194 2047 αύτά.

156 2089 276 2164 λίθους
313 2082 400 2151 εἰναι
431 2083 516 2171 μηδέ
547 2082 648 2168 ξύλα,
685 2082 769 2170 μηδὲ
801 2085 914 2171 μέντοι
950 2082 1033 2165 τούς
1068 2084 1169 2166 θεοὺς

158 2185 282 2269 αύτούς
314 2187 401 2257 εἰναι
433 2179 550 2257 ταῦτα.
601 2190 657 2257 καί
689 2186 753 2278 γὰρ
787 2187 866 2258 οὐδὲ
903 2187 960 2270 τάς
996 2190 1169 2277 βασιλικὰς

157 2293 288 2373 εἰκόνας
316 2294 398 2375 ξύλα
416 2296 471 2363 καί
499 2300 600 2363 λίθον
618 2296 674 2363 καί
701 2293 825 2382 χαλκὸν
852 2296 1003 2383 λέγομεν,
1033 2294 1074 2366 ού
1104 2295 1200 2385 μὴνιι

158 2395 239 2466 ούδέ
266 2395 390 2480 αὐτούς
416 2399 497 2481 τούς
524 2401 693 2487 βασιλέας,
726 2397 809 2469 ἀλλά
837 2401 969 2481 εἰκόνας
996 2404 1169 2489 βασιλέων.

53 2578 56 2583 ⁴
158 2500 247 2582 ὅστις
286 2495 349 2572 οὖν
385 2507 454 2573 έστι
490 2504 727 2593 φιλοβασιλεύς
762 2503 869 2593 ἡδέως
906 2503 969 2597 ὁρᾷ
1005 2507 1069 2596 τὴν
1111 2511 1170 2601 τούΙ

112 2627 138 2680 D
157 2611 318 2695 βασιλέως
346 2610 470 2698 εἰκόνα,
498 2614 554 2680 καί
583 2609 674 2693 ὅστις
701 2613 770 2680 έστί
790 2612 946 2699 φιλόπαις
973 2609 1081 2700 ἡδέως
1110 2610 1169 2704 ὁρᾷ

154 2711 216 2802 την
243 2718 304 2785 τού
332 2708 467 2804 παιδός,
501 2719 557 2786 καί
585 2714 676 2798 ὅστις
705 2717 898 2806 φιλοπάτωρ
926 2716 991 2806 τὴν
1017 2722 1082 2788 τοῦ
1110 2747 1168 2788 πα-

153 2821 238 2914 τρός.
285 2819 414 2892 ούκούν
440 2825 496 2891 καί
525 2820 616 2904 ὅστις
644 2823 804 2910 φιλόθεος
830 2819 936 2910 ἡδέως
964 2829 1011 2904 εἰς
1038 2822 1080 2893 τὰ
1103 2829 1198 2894 τῶνα

153 2931 247 2996 θεων
279 2925 449 3016 ἀγάλματα
481 2931 537 2998 καί
564 2927 623 3010 τὰς
649 2929 782 3010 εἰκόνας
809 2927 1003 3016 ἀποβλέπει,
1033 2932 1166 3019 σεβόμε·

239 3114 332 3162 9-16
357 3101 426 3163 Ἀλλ’
454 3106 506 3162 οὐκ
524 3139 557 3148 -
575 3106 825 3193 τεηνοορηήματα]
854 3114 915 3164 Ηοο
945 3128 1006 3163 esse
1035 3115 1167 3165 emblema

153 3177 245 3228 docuit
261 3179 412 3230 Horkelius
500 3182 532 3230 10
556 3196 630 3230 κατα
651 3175 680 3230 σὲ
699 3177 734 3244 V]
755 3175 879 3232 κατεῖσε
966 3184 997 3231 16
1022 3174 1120 3233 αὐτῶν
1137 3183 1160 3230 V

154 3239 263 3297 ἒαντῶν
334 3250 365 3299 18
387 3241 462 3312 μηδὲ
481 3242 554 3310 ξύλα
572 3244 608 3312 Η]
633 3239 704 3312 μήτε
724 3247 746 3309 ξ.
817 3250 851 3299 20
876 3245 962 3299 λίθον
980 3245 1032 3298 καὶ
1051 3241 1158 3315 χαλκὸν

154 3314 181 3362 λι
187 3349 381 3366 ............
409 3314 434 3363 V
520 3316 552 3364 22
579 3303 658 3372 ὅστις
685 3300 737 3365 οὖν
765 3307 843 3382 ἐστι]
873 3352 947 3365 .....
970 3303 1023 3366 οὖν
1137 3316 1167 3378 V,

153 3367 229 3440 ὅστις
257 3366 309 3431 ούν
335 3387 391 3447 pet.
424 3381 429 3446 Ι
461 3376 665 3460 φηλοβασιλεύς
688 3378 761 3447 Pet]
867 3377 1001 3449 βασιλεύς
1023 3383 1062 3446 V,
1092 3383 1168 3450 βασι-

480 3467 499 3500 α

152 3506 220 3573 λεύς
237 3529 255 3564 v
324 3517 357 3563 24
380 3509 444 3582 τὴν]
463 3511 518 3582 την
535 3515 560 3564 V
