2436 3870
228 139 406 191 EPISTOLA
424 142 473 190 AD
493 139 519 190 S.
538 140 569 194 P.
588 141 620 202 Q.
638 141 912 193 ATHENIENSEM.
1024 141 1087 206 361

70 297 129 360 μοι
166 268 222 337 καί
254 263 475 355 παρεστώτων
508 265 614 356 (τῶν)
642 269 750 353 θεῶν,
783 262 994 357 ὑπεδεξάμην
1025 269 1087 358 μὲν

71 390 196 466 μοῖραν
227 376 288 442 τοῦ
315 379 452 441 Σαλίων
484 377 623 460 ἔθνους,
657 372 839 461 Χαμάβους
870 373 908 442 δὲ
935 375 1087 464 ἐξήλασα,

70 478 197 562 πολλάς
223 482 307 567 βοῦς
334 479 390 547 καί
422 477 545 565 γύναια
572 477 653 567 μετὰ
684 483 885 569 παιδαρίωνΙ
901 480 1088 570 συλλαβών.

73 585 162 658 οὕτω
191 585 238 655 δὲ.
256 585 382 666 πάντας
410 583 562 681 ἐφόβησα
580 586 636 654 καλ
663 573 896 674 παρεσκεύασα
923 590 1087 675 καταπτῆ-

42 697 127 778 5ξαι
154 690 218 781 τὴν
246 688 328 780 ἐμὴν
356 695 499 780 ἔφοδον,
528 687 611 760 ὥστε
637 695 836 783 παραχρῆμα
863 699 979 781 λαβεῖν
1007 690 1122 782 ἁμά-(λ

72 829 156 893 ρους
182 799 239 868 καὶ
266 800 306 886 τῇ
334 802 537 888 σιτοπομπία
563 812 748 886 παρασχεῖν
775 795 909 887 ἀσφαλῆ
936 799 1087 890 κομιδήν.
1126 865 1128 871 ,

72 905 203 996 μακρόν
231 907 301 973 ἐστι
327 903 436 972 πάντα
464 900 730 992 άπαρνδμεῖσθαι
756 903 876 974 καὶτὰ
903 903 982 974 καθ’
1013 909 1088 976 ἐκα-

72 1033 155 1082 στον
183 1010 336 1100 γράφειν,
364 1007 428 1079 ὅσα
452 1012 488 1078 ἐν
512 1011 678 1089 ἐνιαυτοῖς
706 1012 830 1099 ἔπραξα
856 1013 1020 1100 τέτταρσι·
1048 1011 1089 1081 τά

72 1118 238 1208 κεφάλαια
280 1117 319 1184 δέ
326 1137 334 1150 ·
374 1120 489 1206 τρίτον
530 1114 742 1205 ἐπεραιώδην
782 1132 903 1207 καῖσαρ
945 1124 993 1186 ἐτι
1028 1117 1088 1188 τὸν

27 1262 56 1301 10
68 1222 208 1315 Ῥῆνον·
245 1226 445 1311 δισμυρίους
481 1218 634 1312 ἀπῄτησα
670 1220 761 1312 παρά
796 1227 866 1292 τών
906 1224 1088 1315 βαρβάρων

71 1328 158 1421 ὑπὲρ
185 1327 246 1399 τὸν
268 1323 386 1416 Ῥῆνον
414 1325 514 1408 ὄντας
541 1328 786 1417 αἰχμαλώτους·
815 1333 851 1399 ἐκ
874 1324 974 1402 δυοῖν
1000 1328 1087 1418 άγώ-

71 1465 152 1507 νοιν
182 1437 238 1505 καὶ
270 1437 348 1522 μιᾶς
373 1439 567 1524 πολιορκίας
599 1442 725 1523 χιλίους
757 1436 877 1518 ἐξελών
909 1438 1088 1527 ἐζώγρησα,

73 1541 118 1613 οὐ
136 1541 199 1630 τὴν
217 1539 383 1630 άχρηστον
400 1536 544 1628 ἡλικίαν,
568 1538 694 1629 ἄνδρας
713 1541 750 1610 δὲ
768 1539 932 1631 ἡβῶντας·
960 1550 1088 1632 ἔπεμψα
1106 1553 1131 1606 D

72 1652 120 1742 τῷ
151 1653 376 1738 Κωνσταντίφ
407 1648 563 1735 τίτταρας
595 1642 763 1735 άριδμοὺς
797 1652 866 1716 τών
902 1655 1088 1736 κρατίστων

28 1790 59 1830 15
72 1759 192 1842 πεζῶν,
219 1762 308 1842 τρεῖς
327 1749 450 1834 άλλους
466 1755 535 1821 τών
563 1752 760 1840 ἐλαττόνων,
789 1757 917 1823 ίππέων
939 1753 1088 1842 τάγματα

74 1862 139 1932 δύο
166 1859 207 1930 τά
234 1858 441 1948 ἐντιμότατα·
469 1857 581 1940 πόλεις
608 1856 775 1947 ἀνέλαβον
793 1862 860 1929 νῦν
878 1859 939 1947 μὲν
959 1859 999 1948 δὴ
1019 1862 1088 1930 τών

73 1971 167 2037 θεών
195 1966 383 2036 ἐθελόντων
410 1964 527 2051 πάσας,
554 1966 628 2034 τότε
656 1964 692 2033 δὲ
711 1962 906 2054 άνειλήφειν
934 1966 1089 2048 ἐλάττους

74 2072 177 2165 ὀλίγῳ
215 2075 283 2141 τών
317 2070 572 2160 τεσσαράκοντα.
622 2070 773 2160 μάρτυρα
804 2074 895 2141 καλώ
926 2069 987 2140 τὸν
1020 2078 1089 2140 Δία

73 2181 131 2250 καὶ
158 2178 285 2260 πάντας
302 2175 407 2258 θεοὺς
428 2177 631 2266 πολιούχους
657 2204 693 2245 τε
719 2179 775 2246 καλ
804 2174 985 2266 δμογνίους
1004 2174 1089 2268 ὑπὲρ

31 2320 59 2359 κο
73 2289 133 2374 τῆς
165 2288 244 2374 ἐμῆς
274 2284 499 2374 προαιρέσεως
534 2288 582 2364 είς
618 2279 723 2353 αὐτὸν
759 2285 814 2353 καὶ
850 2290 1006 2372 πίστεως,
1038 2281 1089 2353 ὅτι

75 2395 230 2472 τοιοῦτος
261 2393 385 2479 γίγονα
416 2390 491 2478 περὶ
519 2387 639 2476 αὐτόν,
672 2385 747 2460 οἷον
779 2386 822 2459 ἂν
854 2391 992 2479 είλόμην
1024 2388 1088 2478 ἐγώ

75 2497 155 2568 νίὸν
187 2498 263 2587 περὶ
295 2496 351 2584 ἐμὲ
386 2499 554 2582 γενέσθαι.
598 2502 753 2585 τετίμηκα
790 2497 851 2585 μὲν
884 2489 948 2566 οὖν
981 2495 1141 2569 αὐτὸναει

76 2601 123 2701 ώς
157 2601 269 2685 οὐδεὶς
300 2601 473 2691 καισάρων
507 2599 632 2672 οὐδένα
663 2607 732 2672 τών
768 2609 959 2693 ἔμπροσθεν
991 2601 1090 2673 αὐτο-

76 2710 260 2800 κρατόρων.
298 2705 401 2777 οὐδὲν
419 2711 505 2795 γοῦν
533 2713 580 2789 είς
601 2705 663 2796 τὴν
680 2708 823 2798 τήμερον
850 2706 934 2799 ὑπὲρ
953 2713 1091 2779 ἐκείνων

37 2847 64 2889 οε
79 2819 212 2904 ἐγκαλεῖ
236 2814 302 2904 μοι,
330 2816 386 2883 καί
413 2817 519 2883 ταῦτα
536 2818 837 2907 παρρησιασαμένφ
865 2813 949 2905 πρὸς
976 2813 1091 2901 αὐτόν,

78 2920 161 2992 άλλά
185 2928 337 3009 γελοίους
355 2927 463 3001 αίτίας
486 2918 587 3010 ὀργῆς
605 2917 811 2990 άναπλάττει.
832 2929 1091 3007 ’Λουππικῖνον,

78 3035 174 3118 φησί,
203 3029 258 3097 καλ
286 3041 374 3116 τρεῖς
401 3025 523 3107 άλλους
550 3024 754 3116 ἀνθρώπους
781 3029 946 3115 κατέσχες·
975 3022 1035 3108 οὓς
1062 3031 1093 3094 εί

166 3232 383 3285 1τώκεδδ.Η
422 3233 546 3305 ,8οῖ9
570 3225 693 3300 γράφειν
712 3231 858 3299 -τρίτον
878 3248 930 3283 om.
949 3235 1006 3297 pet.
1075 3235 1092 3284 8

77 3297 256 3381 τέγσαρσιλ7
343 3302 376 3350 14
399 3314 437 3382 ,τρι
460 3306 514 3366 pet.
538 3364 550 3377 .
603 3303 634 3352 18
657 3295 799 3379 τεσσάρων
822 3304 878 3366 pet.
911 3299 916 3365 Ι
947 3292 1092 3417 μάρτυρορ]

77 3386 225 3437 μαρτυρας
243 3371 270 3420 Η
326 3369 371 3454 ,23
395 3365 495 3427 ουδεὶς
513 3382 732 3486 τωνὲκαισὶριρριν
750 3373 806 3486 ρρῖθ.
820 3358 1090 3502 ἄναλέλέγριέλῗθι]

78 3430 741 3570 ἓλάιῗέἐεἐλάαιειέἐλάέίέἷῖξννίλλεεῖχα
1062 3478 1080 3523 τ’
