2446 3870
148 149 211 214 112
450 149 593 200 Ιοιιιιιι
616 145 863 200 ιιιεειιευοιειε

148 277 310 367 στάμενος
341 272 393 344 ότι
428 274 468 364 μδ
505 276 589 363 μέγα
625 271 747 361 όφελος
783 272 933 360 φύλακος
963 270 1024 342 τὸν
1056 272 1165 343 πόνον

149 385 337 474 φεύγοντος
367 383 423 451 καὶ
457 377 498 450 ού
532 383 725 468 δυναμένου
757 381 935 469 καρτερεῖν
961 375 1042 448 ούδέ
1069 376 1165 448 ἀντέ-

148 518 219 579 χειν
250 487 336 579 πρὸς
366 488 525 576 κάματον.
570 488 674 555 ταῦτα
707 485 745 555 δὲ
777 483 820 555 ού
851 488 1025 575 παραινῶν
1057 486 1166 574 μόνον

149 594 230 667 ούδέ
258 597 405 665 ἐπαινῶν
436 592 516 674 τοὺς
547 590 701 681 ἀγαθούς
731 591 916 682 προθύμως
947 593 1003 661 καὶ
1034 593 1165 681 χαριζό-

110 717 250 791 Ομενος
281 697 301 790 ἢ
338 699 487 784 κολάζων
523 702 689 788 ἐγκρατῶς
725 700 781 768 καὶ
817 695 1047 787 ἀπαραιτήτως
1085 701 1195 786 ξυμ-τ

148 815 259 879 πείθει
299 808 355 876 καὶ
396 807 560 895 βιάζεται,
602 802 685 874 ἀλλά
726 802 813 874 πολὺ
853 803 1018 894 πρότερον
1060 800 1167 874 αὑτόν

149 918 305 985 τοιοῦτον
324 912 554 1001 ἐπιδεικνύων,
582 908 864 1001 ἀπεχόμενοςμδν
882 907 1008 999 ἡδονῆς
1027 905 1166 1000 ἀπάσης,

150 1020 328 1110 χρημάτων
361 1019 399 1089 δέ
431 1018 532 1089 ούδδν
566 1015 642 1088 ούτε
674 1015 817 1107 σμικρόν
849 1013 926 1086 ούτε
958 1024 1069 1104 μεῖζον
1096 1019 1167 1086 ἐπι-

150 1130 273 1215 θυμῶν
308 1128 365 1196 καὶ
402 1122 652 1215 ἀφαιρούμενος
685 1126 754 1192 τῶν
786 1118 962 1212 ὑπηκόων,
998 1120 1094 1215 ύπνφ
1132 1151 1168 1193 τε

77 1290 80 1296 .
151 1243 251 1302 είκων
280 1229 376 1317 ὀλίγα
408 1233 464 1299 καὶ
496 1229 559 1319 τὴν
591 1226 712 1318 ἀργίαν
739 1225 1041 1319 ἀποστρεφόμενος.
1087 1226 1166 1317 ἀλη-
1184 1253 1208 1295 ιο

150 1342 223 1418 θῶς
251 1336 315 1426 γάρ
350 1332 462 1416 οὐδεὶς
490 1333 631 1417 οὐδενὸς
662 1341 710 1416 είς
738 1332 840 1405 ούδέν
868 1334 960 1418 ἀξιος
986 1334 1168 1406 καθεύδων

152 1439 238 1533 ἀνὴρ
269 1439 290 1531 ἢ
322 1443 378 1511 καὶ
416 1439 606 1532 ἐγρηγορῶς
640 1455 712 1523 τοῖς
746 1441 978 1511 καθεύδουσιν
1014 1442 1169 1533 ἐμφερής.

151 1551 376 1637 πειθομένους
408 1547 445 1617 δέ
477 1543 601 1629 αύτούς
637 1550 701 1630 ἔξει
732 1550 841 1629 καλῶς
877 1543 966 1641 αύτῷ
1002 1575 1038 1618 τε
1075 1547 1169 1637 οἶμαι

106 1669 132 1728 D
151 1656 207 1724 καὶ
234 1670 304 1736 τοῖς
322 1651 495 1743 ἄρχουσιν,
522 1660 554 1723 εί
570 1669 640 1736 τοῖς
658 1651 805 1743 ἀρίστοις
832 1655 1033 1743 πειθόμενος
1050 1653 1169 1743 νόμοις

151 1762 208 1831 καὶ
239 1776 309 1842 τοῖς
341 1757 459 1850 έρθοῖς
491 1759 714 1849 ξυνεπόμενος
745 1760 945 1848 διατάγμασι
976 1763 1078 1848 δῆλος
1105 1771 1207 1850 εἴητε

151 1869 208 1937 καὶ
241 1864 327 1949 όλως
356 1864 419 1955 τὴν
450 1862 633 1955 ἡγεμονίαν
670 1863 820 1948 ἀποδοὺς
854 1869 900 1959 τῶ
933 1867 1034 1954 φύσει
1071 1874 1167 1954 βασι-

60 2026 61 2029 ,
153 1975 233 2067 λικῶ
261 1976 318 2044 καὶ
349 1969 536 2066 ἡγεμονικῷ
568 1976 627 2061 τῆς
653 1975 761 2063 ψυχῆς
792 1979 915 2065 μορίῳ,
948 1969 1020 2042 ἀλλ’
1052 1970 1096 2042 ού
1122 1976 1168 2069 τῶ

152 2086 331 2168 θυμοειδεῖ
355 2081 411 2149 καὶ
440 2077 621 2172 ἀκολάστφ.
662 2081 718 2148 καὶ
736 2093 908 2170 καρτερεῖν
936 2078 974 2148 δέ
1000 2081 1057 2148 καὶ
1086 2076 1168 2150 ύπο-

152 2189 266 2274 μένειν
293 2187 353 2255 τόν
380 2212 415 2254 τε
446 2188 500 2255 ἐπὶ
533 2189 687 2274 στρατιᾶς
719 2188 774 2255 καὶ
803 2189 840 2254 ἐν
871 2200 942 2266 τοῖς
969 2183 1083 2266 ὅπλοις
1110 2185 1169 2255 κά-

153 2317 259 2378 ματον
287 2287 394 2360 ὁπόσα
413 2317 447 2359 τε
465 2289 548 2360 κατὰ
566 2289 628 2379 τὴν
651 2291 789 2380 είρήνην
807 2293 972 2380 ἐξηυρέθη
1001 2291 1171 2379 γυμνάσια
1184 2315 1207 2356 τι

153 2397 288 2484 μελέτης
316 2399 413 2465 ἕνεκα
440 2399 499 2484 τῆς
525 2395 609 2486 πρὸς
634 2396 715 2479 τοὺς
743 2395 902 2478 ὀθνείους
929 2395 1072 2484 ἀγῶνας,
1100 2401 1171 2479 πῶς

154 2500 197 2570 ἀν
228 2528 279 2583 τις
311 2501 451 2589 μάλιστα
487 2508 645 2587 πείσειενς
682 2500 703 2592 ἢ
737 2506 841 2591 δῆλον
874 2499 920 2585 ῶς
951 2500 1053 2585 αύτὸς
1085 2499 1170 2593 ὁρῶ-

102 2626 136 2681 88
155 2634 255 2694 μενος
285 2607 444 2698 καρτερός
475 2610 531 2678 καὶ
564 2606 802 2697 ἀδαμάντινος;
835 2615 904 2679 ἐστι
937 2608 1001 2699 γὰρ
1033 2607 1170 2698 ἀληθῶς

153 2711 294 2802 ἥδιστον
320 2717 430 2803 θέαμα
458 2715 641 2805 στρατιῶτη
668 2718 866 2809 πονουμένῳ
895 2714 1041 2805 σῶφρων
1070 2713 1170 2785 αύτο-

153 2819 299 2912 κράτωρ,
333 2821 626 2910 συνεφαπτόμενος
658 2828 767 2913 ἐργων
798 2824 855 2891 καὶ
887 2822 1170 2912 προθυμούμενος
1183 2841 1207 2885 ει

154 2929 210 2997 καὶ
242 2930 445 3017 παρακαλῶν
476 2928 533 2997 καὶ
566 2930 603 2996 ἐν
634 2943 704 3009 τοῖς
731 2931 872 2997 δοκοῦσι
905 2935 1064 3018 φοβεροῖς
1092 2956 1170 3016 φαι-

155 3031 236 3125 δρός
263 3036 319 3103 καὶ
347 3030 447 3122 ἀδεὴς
473 3035 529 3103 καλ
558 3031 644 3102 ὅπου
663 3039 741 3103 λίαν
767 3037 937 3124 θαρροῦσι
965 3033 1087 3122 σεμνὸς
1114 3035 1170 3103 καὶ

156 3141 326 3230 ἐμβριθής.
372 3143 501 3230 πέφυκε
533 3138 598 3229 γὰρ
631 3141 869 3230 ἐξομοιοῦσθαι
905 3139 995 3232 πρὸς,
1019 3140 1080 3209 τὸν
1113 3138 1170 3231 ἀρ-

223 3312 238 3361 6
257 3303 347 3363 αύτόν
364 3311 423 3362 VM
493 3314 523 3362 11
543 3298 641 3371 ούδελς
657 3338 691 3349 -
708 3305 800 3376 ἄξιος]
822 3311 893 3363 ΡΙει.
911 3311 998 3379 Legg.
1017 3309 1170 3364 V11808B

156 3380 188 3427 1λ
206 3365 226 3498 η’
243 3375 309 3461 null
325 3368 343 3444 ἢ
362 3372 591 3448 λίΙέμφερῶςῩ
643 3381 675 3430 13
693 3371 772 3449 αύτῷ
786 3376 821 3446 Η]
842 3369 919 3448 αύτῷ
972 3382 1005 3430 20
1024 3371 1171 3463 ἐξηυρέθη

25 3555 28 3567 ¹
142 3442 353 3577 fflvssssvoffin
422 3449 454 3498 21
478 3447 621 3501 είνεκαλῖ
700 3450 732 3499 22
754 3444 880 3499 πείσειεν
898 3445 934 3517 Η]
953 3447 1093 3513 πεισθείη
1122 3447 1170 3512 Ιη
