2446 3870
68 433 347 518 πολιτευομένους
374 429 554 520 ὠφέλησαν
582 430 625 502 οὐ
655 448 726 514 τοῖς
751 438 996 522 παραδείγμασι
1023 435 1082 522 μό-

68 565 146 622 νον,
184 534 267 606 άλλὰ
303 538 360 606 καὶ
396 553 467 620 τοίς
502 539 623 626 λόγοις.
674 537 766 620 ὅστις
802 531 866 608 οὖν
903 535 947 608 άν
983 541 1125 629 ἐθέληλ)

68 642 217 725 Κυνικὸς
245 641 331 712 εἶναι
358 646 414 713 καὶ
443 651 628 726 σπουδαῖος
655 643 757 734 άνηρ,
785 642 892 715 αὑτοῦ
919 645 1083 735 πρότερον

41 752 289 838 εέπιμεληθείς,
318 748 428 839 ὥσπερ
447 757 616 839 Διογένης
635 753 691 821 καλ
710 752 853 840 Κράτης,
882 755 1082 833 ἐξελαυνέτω

68 856 128 944 μέν
161 859 220 944 τῆς
256 859 364 944 ψυχῆς
401 855 532 926 ἅπαντα
565 861 601 927 ἐκ
632 858 741 946 πάσης
772 856 812 926 τά
844 858 955 946 πάθη,
988 856 1082 950 ὀρθῷ

69 962 106 1030 δὲ
134 965 309 1051 ἐπιτρέψας
334 962 376 1031 τά
403 961 483 1033 καθ’
513 962 635 1033 ἑαυτὸν
653 964 741 1055 λόγῳ
769 966 824 1034 καλ
843 969 892 1056 νῷ
919 967 1082 1054 κυβερνά-

69 1079 152 1138 σθω.
198 1070 383 1157 κεφάλαιον
410 1067 474 1157 γάρ
502 1062 560 1159 ἦν,
593 1066 637 1151 ὡς
661 1069 730 1160 ἐγὼ
759 1069 865 1159 οἶμαι,
898 1075 996 1140 τοῦτο
1025 1075 1083 1158 τῆς

68 1178 257 1262 Διογένους
284 1184 495 1264 φιλοσοφίας.
541 1182 572 1245 εί
598 1177 636 1246 δὲ
655 1179 768 1267 ἑταίρᾳ
792 1177 871 1246 ποτὲ
890 1167 1083 1266 προσῆλθεν

27 1280 87 1350 1οὸ
116 1280 215 1372 άνήρ·
243 1291 352 1352 καίτοι
379 1285 435 1352 καὶ
462 1286 562 1353 τοῦτο
589 1282 693 1372 τυχὸν
726 1280 860 1373 άπαξῆ
889 1281 970 1353 οὐδὲ
998 1281 1084 1365 άπαξ

69 1391 212 1476 ἐγένετο·
242 1386 324 1458 ὅταν
352 1385 433 1477 ἡμῖν
450 1388 491 1458 τά
519 1387 602 1459 άλλα
620 1391 703 1460 κατὰ
725 1388 786 1460 τὸν
805 1393 953 1479 Διογένη
981 1394 1136 1479 γένη-εον

68 1523 123 1564 ται
151 1500 351 1581 σπουδαῖος,
380 1492 423 1564 άν
442 1493 530 1564 οὕτω
550 1501 642 1587 φανῇ
671 1500 727 1566 καλ
745 1498 902 1566 τοιοῦτόν
928 1526 960 1565 τι
979 1497 1085 1585 φάναι

70 1606 225 1690 φανερῶς
253 1606 291 1671 ἐν
318 1600 507 1690 ὀφθαλμοῖς
535 1603 682 1689 πάντων,
711 1600 752 1673 οὐ
780 1603 979 1691 μεμφόμεθα
1003 1601 1085 1672 οὐδὲ

71 1709 298 1797 αἰτιασόμεθα.
344 1708 508 1797 πρότερον
544 1712 658 1796 μέντοι
689 1708 752 1798 τὴν
784 1713 971 1796 Διογένους
1003 1706 1085 1797 ἡμῖν

28 1840 56 1879 15
72 1817 316 1904 ἐπιδειξάμενος
348 1812 533 1902 εὐμάθειαν
559 1817 615 1884 καὶ
643 1814 705 1904 τὴν
737 1812 913 1902 άγχίνοιαν
939 1818 995 1884 καὶ
1022 1814 1085 1904 τὴν

73 1923 110 1988 ἐν
141 1936 209 2002 τοῖς
240 1920 354 2004 ἄλλοις
384 1919 509 1990 ἅπασιν
541 1924 751 2011 ἐλευθερίαν,
786 1919 1002 2008 αὐτάρκειαν,
1035 1928 1090 1989 ὃν·

70 2028 267 2117 καιοσόνην,
295 2029 533 2117 σωφροσύνην,
561 2025 749 2115 εὐλάβειαν,
767 2028 876 2116 χάριν,
903 2028 1085 2115 προσοχην,

71 2130 115 2214 ὡς
142 2134 249 2223 μηδὲν
277 2139 348 2224 εἰκῇ
367 2134 450 2224 μηδὲ
478 2135 586 2222 μάτην
604 2134 688 2222 μηδὲ
716 2131 845 2221 άλόγως
863 2147 986 2202 ποιεῖν·
1015 2135 1120 2202 ἐπελΒ

69 2242 125 2309 καὶ
162 2245 266 2310 ταῦτα
301 2245 360 2330 τῆς
395 2243 584 2325 Διογένους
620 2243 689 2310 ἐστὶ
727 2245 930 2329 φιλοσοφίας
967 2245 1084 2309 οἰκεῖα·

28 2372 55 2411 νο
69 2354 212 2417 πατείτω
244 2348 371 2435 τάφον,
403 2350 625 2431 καταπαιζέτω
657 2351 726 2417 τάν
757 2345 798 2416 τά
830 2347 892 2435 μὲν
919 2343 1085 2432 άναγκαία

69 2457 127 2541 τῆς
164 2454 298 2543 φάσεως
334 2460 415 2542 ἔργα
451 2454 668 2543 κρυπτόντων
701 2458 738 2523 ἐν
771 2455 892 2546 σκότῳ·
930 2454 1015 2540 φημὶ
1049 2452 1086 2521 δὲ

69 2563 138 2629 τῶν
165 2561 419 2650 περιττωμάτων
446 2561 505 2641 τάς
532 2563 705 2649 ἐκκρίσεις·
739 2563 776 2629 ἐν
803 2563 918 2648 μέσαις
950 2559 987 2629 δὲ
1014 2574 1087 2638 ταῖς

71 2659 210 2756 άγοραῖς
227 2670 282 2736 καὶ
310 2683 382 2749 ταῖς
401 2667 538 2736 πόλεσιν
566 2667 832 2755 ἐπιτηδευόντων
854 2664 895 2735 τά
913 2665 1086 2757 βιαιότατα

70 2775 125 2841 καλ
153 2773 259 2861 μηδὲν
279 2770 374 2862 ἡμῶν
393 2780 498 2843 οἰκεία
516 2776 555 2863 τῇ
580 2773 691 2861 φύσει,
718 2773 896 2862 χρημάτων
924 2768 1086 2859 ἁρπαγάς,

30 2900 56 2940 2⁵
72 2886 312 2967 συκοφαντίας,
340 2878 472 2970 γραφάς
500 2876 653 2966 άθίκους,
682 2880 811 2961 διάξεις
838 2877 949 2948 άλλων
975 2876 1085 2944 τοιού,

71 3012 138 3054 των
180 2986 409 3075 συρφετωθάν
449 2985 661 3075 πραγμάτων.
716 2988 786 3055 ἐπεὶ
827 2985 883 3054 καὶ
920 2984 1086 3069 Διογένης

71 3101 135 3160 εἴτε
163 3090 355 3181 άπέπαρθεν
382 3103 446 3163 εἴτε
474 3090 684 3180 άπεπάτησεν
712 3101 776 3160 εἴτε
804 3087 883 3159 άλλο
911 3117 943 3157 τι
970 3091 1123 3160 conob-C

141 3300 172 3348 12
196 3293 340 3364 φάναι],,
347 3299 420 3349 Fort
441 3296 543 3380 δρᾷνμ
562 3300 623 3350 Pet.
651 3296 735 3362 Δρῶν
755 3298 847 3362 potius
866 3311 908 3346 me
929 3294 1022 3359 judice
1040 3295 1086 3345 vel

73 3361 191 3429 δράσας.
229 3367 392 3432 Quanquam
411 3382 445 3416 ne
466 3367 633 3432 sicquidem
659 3367 736 3416 locus
754 3370 899 3429 corruptus
919 3368 1087 3428 persanatur

74 3438 104 3483 18
125 3429 219 3500 μηδεν
240 3431 278 3500 Η]
300 3431 397 3513 μηθὲν
484 3437 516 3486 19
542 3426 602 3485 ἐστὶ
626 3430 665 3498 Η]
692 3428 747 3484 είοὶ
834 3434 868 3482 26
893 3428 1088 3511 συρφετωθῶν

73 3499 149 3568 Rsk]
180 3501 354 3581 ουρφετῶν
378 3501 438 3566 Ego
466 3501 642 3566 conjeceram
669 3496 796 3564 διάξεις,
823 3490 918 3552 ἄλλων
948 3494 1092 3550 τοιούτων
1148 3538 1165 3554 ,

73 3565 218 3633 συρφετὸν
235 3561 411 3636 πραγμάτων
1144 3530 1211 3802 1
