2446 3870
473 158 611 210 ORATIO
630 159 677 208 lv.
1017 155 1078 219 201

63 287 220 356 λάττουσι
247 283 358 373 φλόγα
385 287 551 373 παρθένοι
582 281 661 373 παρ’
691 280 771 371 ἡμῖν
800 286 885 368 ἱεραὶ
912 283 995 352 κατὰ
1021 285 1082 370 τὰς

63 392 251 481 διαφόρους
283 389 386 480 όόρας,
414 398 453 458 αἳ
482 388 523 478 δή
557 388 594 459 τὸ
623 389 807 478 γενόμενον
836 385 916 476 [ῦπὸ
940 394 1001 478 τῆς
1026 414 1078 461 σε·

62 499 181 590 λήνης]
209 498 294 586 περὶ·
311 496 373 586 τήν
404 500 469 585 μήν
497 492 561 566 ῦπὸ
589 499 652 565 τοῦ
683 499 769 566 θεοῦ
796 500 863 585 πῦρ
891 497 1077 585 φυλάττου-

63 627 127 675 σιν.
173 611 221 673 ἔτι
252 606 382 672 τοῦτων
414 611 526 690 μεῖζον
558 609 621 689 έχω
655 623 708 671 σοι
741 604 868 692 φράσαι
899 605 962 671 τοῦ
993 608 1079 675 θεοῦ

33 743 47 783 τ
62 715 163 781 τοῦδε
181 709 369 798 τεκμήριον,
389 706 495 779 αὐτοῦ
512 712 575 778 τοῦ
592 709 771 778 θειοτάτου
789 712 950 796 βασιλέως
968 716 1079 798 ἔργον.

63 822 99 887 οί
123 820 225 906 μήνες
253 813 356 885 ἅπασι
382 816 444 904 μὲν
467 831 536 897 τοῖς
564 811 677 895 άλλοις
705 811 749 896 ὡς
776 821 854 896 έπος
880 821 986 884 εἰπεῖν
1013 815 1079 886 άπὸ

62 927 121 1012 τής
149 923 290 1011 σελήνης
317 919 550 1011 ἀριθμοῦνται,
574 920 673 1009 μόνοι
702 921 739 989 δέ
767 917 860 1009 ήμεῖς
887 923 942 990 καὶ
970 924 1120 1010 Αίμό-Β

62 1056 152 1098 πτιοι
179 1027 263 1118 πρὸς
285 1026 343 1109 τάς
360 1023 460 1116 ἡλίου
479 1028 626 1117 κινήσεις
645 1028 785 1096 ἑκάστου
813 1032 997 1116 μετροῦμεν
1012 1032 1078 1098 ε’νι·
1114 1072 1115 1076 =

63 1138 170 1204 αυτοῦ
197 1133 256 1215 τάς
283 1130 414 1224 ἡμέρας.
455 1142 489 1202 εῖ
513 1154 566 1202 σοι
593 1132 674 1222 μετά
691 1136 791 1202 τοῦτο
820 1142 936 1222 φαίην,
960 1130 1004 1215 ῦς
1023 1139 1078 1204 καὶ

20 1274 48 1312 ιο
62 1241 123 1311 τὸν
151 1246 295 1330 Μίθραν
322 1243 468 1328 τιμῶμεν
499 1242 555 1308 καὶ
588 1238 713 1328 άγομεν
741 1236 842 1332 Ἡλίω
873 1267 1078 1331 τετραετηρι-

61 1345 144 1428 ποῦς
172 1345 318 1434 άνωνας,
351 1349 416 1435 ἐρῶ
444 1345 602 1435 νεώτερα·
634 1349 765 1433 βέλτιον
802 1347 840 1415 δὲ
872 1357 951 1429 ἴσως
983 1351 1020 1417 έν
1047 1378 1079 1417 τι

62 1457 133 1521 τιῦν
169 1454 396 1542 παλαιοτέρων
433 1463 620 1541 προθεῖναι.
670 1457 731 1521 τοῦ
768 1450 831 1542 γάρ
870 1457 1079 1524 ἐνιαυσιαίου

63 1559 191 1688 κήκλου
217 1558 279 1687 τήν
307 1556 412 1647 άρχήν
440 1556 539 1640 άλλος
566 1557 712 1628 άλλοθεν
730 1558 942 1647 ποιούμενος,
966 1564 1002 1628 οί
1017 1561 1079 1648 μὲν

20 1777 100 1843 τεοί
85 1773 241 1840 ίπολλολ
270 1771 307 1840 δέ
326 1777 522 1898 φθίνουσαν
524 1691 606 1859 0ήδη
634 1769 696 1859 τήν
715 1768 862 1860 όπιόραν,
887 1768 1054 1841 Ἡλίου
1020 1801 1079 1854 τας

63 1876 312 1966 ἐμφανεστάτας
349 1872 494 1965 ὑμνοῦσι
527 1872 717 1966 δωρεάς,
702 1905 719 1945 ο
752 1880 814 1966 μέν
846 1904 896 1957 τις
927 1877 989 1966 τήν
1020 1882 1118 1966 τήςο

63 1987 220 2073 ἐργασίας
247 1986 467 2071 ἐνδιδομένην
485 1980 715 2072 εῦκαιρίαν,”
696 2010 751 2052 οτε
777 1979 798 2071 ή
827 1986 868 2111 μή
887 1983 1004 2052 θάλλει
1023 1986 1107 2052 καὶ

63 2093 198 2181 γαυριᾷ,
227 2092 409 2177 φυομένων
437 2086 511 2179 άρτι
538 2093 606 2158 των
628 2091 767 2178 καρπῶν
794 2084 960 2176 ἁπάντων,
989 2096 1078 2176 γίνε-

62 2224 117 2265 ται
155 2196 192 2264 δὲ
225 2196 392 2284 ἐπιτήδεια
427 2203 585 2264 πλεῖσθαι
621 2193 661 2263 τά
696 2189 823 2323 πελάγη
861 2197 916 2262 καὶ
947 2194 985 2264 τὸ
1017 2198 1079 2264 τοῦ

20 2335 47 2414 κο
62 2305 225 2391 χειμωνος
252 2299 353 2389 άηδες
383 2304 439 2370 καὶ
472 2301 677 2424 σκυθρωπὸν
709 2300 822 2370 ἐπὶ
789 2329 826 2370 το
856 2301 1079 2392 φαιδρότερον

62 2415 316 2498 μεθίσταται,ο
298 2412 334 2476 oc
359 2405 456 2476 δὲ
422 2435 484 2496 την
510 2411 571 2476 τοῦ
598 2410 723 2514 θέρους
754 2412 914 2496 ἐτίμησαν
941 2405 1078 2499 ήμέραν,

64 2511 110 2596 ὡς
148 2512 308 2603 άσφαλως
343 2514 416 2584 τότε
454 2509 537 2604 ὑπὲρ
573 2517 631 2602 της
671 2517 739 2583 των
775 2517 913 2604 καρπῶν
949 2521 1080 2602 ἔχοντες
1126 2528 1128 2533 '

62 2623 233 2711 θαρρησαι
266 2623 441 2707 γενέσεως,
472 2622 541 2688 νῦν
574 2620 635 2708 μέν
668 2620 863 2710 σπερμάτων
895 2618 960 2709 ήδη
998 2642 1078 2690 συν-

62 2729 271 2815 ειλεγμένων,
299 2725 441 2815 ἀκμαίας
469 2726 506 2794 δὲ
534 2723 637 2813 οῦσης
669 2730 726 2814 τῆς
759 2724 890 2815 όττάρας
921 2725 987 2816 ήδη
1024 2729 1079 2797 καὶ

19 2863 47 2904 25
62 2835 318 2921 πεπαινομένων
345 2836 414 2901 τῦν
433 2835 647 2920 ἐπικειμένων
674 2836 812 2921 καρπῶν
829 2848 900 2915 τοῖς
918 2836 1079 2923 δένδροις.
1097 2855 1124 2907 D

62 2937 159 3009 άλλοι
186 2938 224 3007 δέ
250 2939 381 3008 τούτων
408 2943 455 3006 ἔτι
477 2938 677 3079 κομψότεροι
703 2942 797 3021 τέλος
815 2941 973 3014 ἐνιαυτοῦ
1000 2934 1079 3006 ῦπέ-

131 3199 147 3246 2
166 3186 222 3249 ὑπὸ
235 3194 294 3277 τῆς
310 3190 445 3275 σελήνης]
465 3198 545 3248 Haec
563 3197 677 3247 turbant
694 3194 812 3246 sentent·
803 3210 869 3246 1am.
901 3191 1079 3244 scribendum

62 3255 202 3314 saltem
186 3258 243 3315 νπδ
262 3256 318 3329 τήν
337 3257 460 3330 σελήνην
528 3267 544 3315 3
569 3257 766 3346 φυλάττουσιν
784 3260 865 3312 MbG
901 3253 1080 3326 φυλάττουσι

62 3329 338 3409 9εἴσοιΜθΡθι,
359 3329 489 3395 είδοιΕ,
508 3327 625 3394 είδην
658 3328 663 3396 1
696 3328 868 3396 φαίηνλίοτί
904 3327 978 3395 φαίη
1049 3332 1079 3380 11

61 3391 202 3478 νεώτερον
219 3399 331 3448 MbEF
402 3400 433 3449 12
449 3348 610 3478 πήοθεῖναι
629 3413 715 3463 marg
734 3393 996 3478 μεῖήπροσθεῖναι
1049 3400 1081 3448 16

60 3484 116 3534 την
130 3465 332 3546 τηςΜδΕΡ
356 3482 408 3526 τας
426 3465 520 3547 τηςθι
551 3465 642 3544 τῆςτ
724 3467 755 3515 17
775 3462 926 3585 ευκαιρίαν
945 3480 997 3515 om
1016 3464 1081 3516 libri

59 3539 94 3587 20
122 3524 240 3600 άμειδές
259 3531 342 3585 MbG
411 3536 443 3584 21
471 3485 593 3600 ἡμέραν]
620 3523 719 3598 ῦρανλ
789 3535 822 3584 22
849 3527 1051 3600 ἕξοντεςλὶοτὶ
