2436 3870
222 161 402 215 EPISTOLA
420 163 469 212 ΑΙ)
488 163 516 213 S.
535 164 566 219 Ρ,
585 167 618 228 Q.
637 165 908 217 ATHENIENSEM.
1020 165 1084 231 363

66 288 225 370 ὕποπτος.
263 286 325 358 ούκ
343 285 519 378 ἀρκεσθεὶς
538 287 602 377 byei
620 293 666 382 τῷ
694 290 847 381 τοιούτῳ,
874 293 1084 381 κατανοήσας

67 397 106 467 δὲ
140 394 224 485 πρὸς
254 393 292 464 τὸ
326 395 494 484 θιάφορον
529 399 591 465 τοῦ
622 396 750 485 τρόπον
785 399 841 466 καὶ
873 400 1006 486 βλέπων
1037 403 1082 489 τῷ

66 502 130 592 μὲν
156 499 245 587 άγαν
273 498 377 571 αὐτὸν
394 501 604 588 πιστεύοντα,
630 505 677 594 τῷ
696 501 734 570 δὲ
753 499 827 572 οὐδ’
858 500 943 585 ὅλως
960 507 1135 592 προσέ-εοο

67 635 173 698 χουτα
200 611 258 695 τής
285 608 394 688 δεξιάς
417 604 523 676 αὐτού
549 609 693 677 καὶτῶν
719 608 873 695 γονάτων
900 605 1082 698 ἁψάμενος·

40 737 54 778 ε
72 715 222 800 Τούτων,
250 720 348 802 έφην,
378 711 491 799 ούδείς
509 717 582 783 έστί
596 741 653 803 μοι
672 715 826 804 συνήθης
844 712 925 786 οὐδὲ
943 717 1083 804 γέγονεν

66 827 278 910 ἔμπροσθεν·
316 819 530 907 ἐπιστάμενος
562 819 600 889 δὲ
632 817 756 902 αύτούς
786 823 823 890 ἐκ
854 821 982 910 φήμης,
1019 825 1084 891 σοῦ

65 926 301 1010 κελεύσαντος,
334 928 486 1015 ἑταίρους
522 929 669 1014 ἐμαυτοῦ
705 927 761 995 καί
793 934 915 1014 φίλους
949 934 1082 1016 νομίζω,

66 1048 138 1114 τοῖς
155 1032 258 1101 πάλαι
276 1037 457 1121 γνωρίμοις
475 1029 526 1100 ἐπ’
557 1041 631 1120 ίσης
652 1035 766 1120 τιμάν.
803 1029 845 1102 ού
864 1027 931 1122 μήν
950 1038 1083 1103 δίκαιον

65 1136 88 1228 ή
121 1138 254 1219 τούτοις
285 1137 524 1226 ἐπιτετράφθαι
553 1135 595 1207 τά
622 1136 684 1227 ἐμά
715 1134 736 1226 ή
769 1136 810 1207 τὰ
841 1139 971 1209 τούτων
1001 1135 1083 1228 ήμίν

24 1264 51 1308 ιο
66 1246 361 1331 συγκινδυνεύσω.
398 1250 434 1311 τί
457 1235 522 1313 ούν
550 1244 700 1327 ίκετεύως
728 1242 897 1335 γραπτούς
923 1241 1005 1334 ήμϊν
1024 1244 1083 1327 δὸς

67 1349 181 1439 ὥσπερ
209 1351 349 1438 νόμους,
376 1356 479 1418 τίνων
506 1348 689 1438 ἀπέχεσθαι
716 1350 777 1441 γρή
804 1353 861 1421 καὶ
889 1349 953 1422 ὅσα
980 1352 1122 1440 πράτ-Β

66 1480 139 1526 τειν
166 1458 357 1544 ἐπιτρέπεις.
394 1458 499 1543 δῆλον
526 1457 601 1546 γάρ,
629 1456 680 1526 ὅτι
706 1456 767 1527 τὸν
790 1457 852 1545 μὲν
878 1458 1083 1546 πειθόμενον

68 1564 267 1648 ἐπαινέσεις,
294 1559 355 1630 ’τὸν
382 1560 420 1630 ii
447 1559 655 1631 ἀπειθοῦντα
681 1563 848 1651 κολάσεις,
876 1570 907 1632 εί
931 1566 988 1633 καὶ
1016 1562 1082 1652 ά,τι

68 1669 211 1758 μάλιστα
238 1674 360 1756 νομίζω
387 1669 516 1756 μηθένα
543 1665 748 1758 άπενθήσειν.

25 1798 54 1838 ιε
140 1772 234 1844 Ὅσα
265 1774 327 1862 μὲν
359 1765 422 1843 οὖν
454 1777 663 1863 ἐπεχείρησεν
695 1770 713 1843 ὁ
746 1773 932 1854 Πεντάθιος
963 1772 1083 1844 αὐτίκα
1180 1774 1182 1776 ’

67 1896 295 1969 καινοτομεῖν,
324 1877 426 1949 οὐδὲν
452 1879 514 1969 χρὴ
543 1882 669 1968 λέγειν·
702 1877 925 1969 ἀντέπραττον
953 1881 991 1948 δέ
1018 1879 1091 1968 ἐγωΙ

67 1980 153 2074 πρὸς
179 1987 298 2074 πάντα,
325 1987 381 2056 καὶ
410 1991 540 2072 γίνεταί
564 2013 621 2075 μοι
649 1984 817 2074 δυσμενής
844 1988 983 2054 ἐκεῖθεν.
1019 1984 1079 2054 εἶτ’

66 2088 173 2162 &mov
200 2091 315 2180 λαβὼν
341 2095 397 2162 καὶ
415 2092 672 2183 παρασκευάσας
690 2092 849 2182 δεύτερον
876 2093 931 2161 καὶ
958 2098 1121 2180 τρίτον,0

68 2201 221 2287 Παύλου,
242 2201 459 2286 Γαυὸέντιαν,
486 2196 565 2280 τούς
584 2195 791 2286 ὀνομαστούς
809 2194 860 2267 ἐπ’
881 2197 937 2286 ἐμὲ
955 2208 1082 2286 μισθω-

27 2326 55 2368 το
68 2304 213 2393 σάμενος
240 2305 466 2393 συκοφάντας,
485 2304 697 2375 Σαλούστιον
724 2304 785 2393 μὲν
813 2299 858 2386 ὥς
885 2306 958 2394 ἐμοὶ
982 2312 1083 2393 φίλον

66 2408 256 2498 άποστήναι
292 2411 551 2501 παρασκευάζει,
588 2404 816 2481 Λουκιλιανὸν
858 2410 896 2479 δὲ
937 2414 1084 2500 θοθήναι

63 2517 233 2605 ’διάδοχον
265 2515 392 2586 αύτίκα.
438 2519 494 2586 καὶ
525 2516 645 2607 μικρὸν
677 2516 818 2608 ὕστερον
844 2518 900 2587 καὶ
929 2520 1083 2607 Φλωρέν-

67 2649 141 2705 τιος
167 2615 211 2712 ’ήν
238 2622 360 2713 ἐχθρὸς
392 2624 465 2711 ἐμοὶ
493 2623 550 2692 διὰ
577 2622 636 2704 τὰς
662 2627 867 2710 πλεονεξίας,
900 2618 953 2704 αἷς
980 2621 1083 2711 ήναυ-

68 2730 222 2819 τιούμην.
267 2737 448 2799 πείθουσιν
481 2720 575 2799 ούτοι
607 2728 668 2799 τὸν
694 2727 934 2799 Κωυστάντιον
966 2727 1083 2818 άφελέ-

29 2856 58 2896 τι
72 2845 155 2904 σθαι
172 2920 174 2929 ρ
191 2864 231 2924 με
268 2839 336 2905 των
372 2837 606 2925 στρατοπέδων
637 2831 811 2921 ἁπάντων,
848 2844 930 2915 ἴσως
959 2862 990 2902 τι
1027 2836 1083 2903 καί

69 2935 136 3011 άπὸ
163 2946 222 3030 τής
255 2949 450 3030 ζηλοτυπίας
481 2945 549 3009 των
580 2941 851 3031 κατορθωμάτων
878 2940 1126 3028 κνιζόμενον,])

155 3196 171 3242 2
194 3186 266 3272 πρὸς
285 3197 333 3243 aut
351 3192 496 3244 delendum
514 3197 558 3244 est
576 3197 625 3242 aut
644 3208 705 3244 cum
723 3191 859 3243 Horkelio
864 3192 1085 3324 participiorum

69 3254 255 3342 κατανοήσας
272 3265 302 3312 et
320 3256 432 3379 βλέπων
450 3261 505 3311 loci
558 3261 772 3310 mutandisunt
823 3251 982 3324 3ci'ycth]
1002 3250 1085 3326 άγειν

69 3258 363 3395 binotcobffi]
432 3330 465 3378 14
481 3275 594 3408 μηάάνα
611 3327 678 3381 Cob
680 3322 802 3395 Ῑὲνμηὸ
872 3330 903 3377 17
922 3325 1033 3392 γίνεται
1052 3322 1084 3378 δέ

69 3412 119 3475 μρι
137 3400 243 3461 pet.-
281 3398 312 3446 21
339 3388 549 3476 άποστοιθῆναι
567 3395 633 3447 Rsk.
666 3326 689 3460 Ι]
704 3387 889 3448 λοντιλιανόν
906 3391 943 3472 V]
961 3396 1085 3445 Λουκια-

69 3458 124 3515 νὸν
209 3465 242 3514 23
270 3457 334 3529 αίς]
363 3452 460 3526 obv,
487 3455 560 3526 πρὸς
583 3453 618 3522 ἃς
646 3463 712 3514 Oob
745 3463 750 3526 Ι
782 3453 981 3529 ἠναντιούμην
1003 3458 1084 3528 eob.]

70 3523 265 3597 έναντιούμηυ
