2446 3870
136 137 199 202 120
408 136 409 139 ’
434 139 578 191 mmm
599 139 847 190 IMPERATORIS

95 267 250 347 Οδεῖξαι.
297 263 424 357 οὐκοῦν
452 272 487 335 οί
512 266 573 355 μὲν
595 264 633 335 τὸ
652 265 831 356 προγόνων
859 266 1018 352 γενέσθαι
1047 271 1151 334 δυνα-

136 375 224 441 στῶν
261 373 316 441 καὶ
353 375 519 460 βασιλέων
555 374 766 461 θαυμάζουσι
802 371 905 461 μάλα,
938 369 1062 460 όλβίων
1094 373 1152 440 καὶ

135 476 349 565 εὐδαιμόνων
367 486 552 566 μακαρίους
570 475 864 567 ὑπολαμβάνοντες
881 476 960 560 τοὺς
979 476 1151 564 ἐκγόνους·

134 582 172 653 τό
207 583 243 653 δέ
276 585 329 652 ἐπὶ
361 583 494 665 τούτοις
527 582 605 654 ούτε
638 585 820 672 ἐνενόησαυ
853 582 929 654 ούτε
957 585 1152 671 ἐσκίψαντο,

135 698 212 760 τίνα
239 689 365 779 τρόπον
398 694 611 759 διατελοὺσιν
643 688 798 779 ἀλλήλοις
824 691 996 780 χρώμενοι.
1040 695 1180 760 καίτοιε
1216 733 1219 737 ·

136 808 174 883 γε
202 799 301 865 τοῦτο
329 787 372 884 ἦν
400 799 457 885 τῆς
485 794 639 884 εὐτυχίας
662 799 791 885 ἐκείνης
819 795 856 866 τὸ
884 797 1067 884 κεφάλαιον
1095 799 1152 866 καὶ

53 971 55 973 ,
137 900 259 990 σχεδὸν
287 898 446 972 ἁπάντων
477 905 545 973 τῶν
573 901 666 984 ἐκτὸς
698 900 852 989 ἀγαθῶν·
884 908 916 971 εί
940 903 985 990 μή
1018 930 1067 983 τις
1094 906 1152 971 καὶ

92 1007 222 1098 Βπρὸς
248 1006 398 1097 τούνομα
426 1014 651 1105 δυσχεραίνει,
683 1006 745 1097 τὴν
772 1011 888 1097 κτῆσιν
915 1005 981 1078 ὑπὸ
1009 1011 1068 1096 τῆς
1095 1013 1151 1096 ἐμ-

138 1142 266 1203 φρονος
293 1116 440 1204 χρήσεως
469 1113 603 1203 ἀγαθὴν
630 1116 686 1184 καὶ
714 1114 849 1203 φαύλην
876 1111 941 1184 ὑπὸ
969 1118 1028 1202 τῆς
1056 1116 1153 1182 ἐναυ-

137 1228 210 1302 τίας
237 1228 415 1307 γίγνεσθαι
443 1228 654 1308 συμβαίνειν·
688 1218 772 1289 ὥστε
799 1219 840 1290 ού
868 1223 967 1309 μέγα,
999 1219 1154 1310 καθάπερ
1169 1250 1194 1288 ιο

139 1336 282 1412 οίονται,
314 1324 351 1394 τὸ
384 1328 546 1413 βασιλέως
577 1332 742 1396 πλουσίου
769 1329 825 1395 καὶ
856 1327 1072 1416 πολυχρύσου
1101 1353 1154 1413 γε-

138 1433 270 1518 νέσθαι,
299 1434 382 1519 μέγα
401 1431 439 1500 δέ
466 1428 602 1520 άληθῶς
627 1431 665 1502 τὸ
684 1431 746 1521 τὴν
765 1431 887 1522 ἀρετὴν
914 1431 976 1520 την
994 1432 1155 1525 πατρῴαν

138 1534 431 1626 ὑπερβαλλόμενον
473 1535 644 1627 ἄμεμπτον
686 1534 791 1608 αὑτὸν
831 1554 901 1620 τοῖς
946 1543 1156 1628 γειναμένοις

138 1658 323 1732 παρασχεῖν
351 1649 397 1725 εἰς
421 1641 517 1713 άπαν.
563 1644 728 1733 βούλεσθε
756 1636 820 1714 οὗν
839 1651 870 1714 εί
886 1649 985 1714 τοῦτο
1014 1641 1156 1735 ὑπάρχει

138 1757 272 1837 βασιλεῖ
296 1761 518 1839 καταμαθεϊν;
551 1753 733 1842 παρέξομαι
761 1751 799 1821 δέ
826 1748 908 1839 ὑμῖν
936 1749 1001 1837 ἐγὼ
1028 1779 1154 1840 μαρτυ-
1170 1781 1195 1820 15

139 1863 218 1948 ρίαν
244 1856 379 1944 πιστην,
412 1863 472 1926 καί
496 1885 536 1946 με
565 1855 627 1945 ούχ
659 1857 812 1947 αίρήσετε
839 1861 1153 1946 ψευδομαρτυριῶν,

87 1987 123 2036 94
142 1954 180 2032 εὑ
208 1961 297 2032 οἶδα·
330 1960 514 2052 ὑπομνήσω
548 1962 613 2053 γάρ
640 1960 726 2052 ὑμᾶς
759 1961 883 2045 αύτούς
910 1955 959 2032 οἷν
987 1974 1068 2033 ίστε·
1097 1992 1154 2032 τυ-

139 2068 201 2159 χὸν
229 2069 266 2139 δέ
293 2073 349 2140 καὶ
376 2067 442 2159 ἤδη
469 2073 531 2140 τοῦ
559 2072 741 2157 λεγομένου
770 2073 912 2156 ξυνίετε,
941 2078 1043 2139 εἴτε
1061 2067 1155 2139 ούπω

141 2181 261 2264 δῆλον,
295 2174 415 2245 αύτίκα
448 2176 535 2264 μάλα
573 2177 729 2264 ξυνήσετε
767 2176 986 2265 ἐννοήσαντες
1020 2180 1156 2265 πρῶτον

140 2282 201 2368 μὲν
234 2277 278 2361 ὡς
315 2279 420 2350 αὑτὸν
453 2278 470 2350 ό
507 2281 616 2370 πατὴρ
652 2279 763 2370 ἠγάπα
801 2282 1043 2371 διαφερόντως,
1081 2279 1155 2352 ούτι
1169 2311 1194 2351 ιο

139 2390 246 2476 πρᾷος
274 2382 322 2454 ἐόν
354 2393 430 2454 λίαν
457 2401 527 2467 τοῖς
559 2388 712 2474 ἐγγόνοις
745 2385 825 2458 οὐδὲ
851 2392 892 2477 τῇ
925 2388 1026 2476 φύσει
1052 2390 1156 2457 πλέον

140 2488 160 2580 ἢ
189 2495 234 2582 τῷ
262 2492 374 2583 τρόπῳ
403 2493 534 2579 διδούς,
567 2489 756 2582 ἡττώμενος
783 2494 820 2564 δέ
848 2493 942 2582 οἶμαι
967 2498 1027 2583 τῆς
1052 2505 1155 2583 θερα-

139 2603 235 2679 πείας
266 2600 321 2666 καὶ
355 2595 418 2668 ούκ
450 2604 550 2687 ἔχων,
583 2597 651 2687 ό,τι
683 2603 860 2690 μέμφοιτο,
893 2604 995 2690 δῆλος
1025 2592 1069 2689 ἦν
1102 2597 1156 2670 εύ-

98 2723 224 2784 Βνους
256 2700 314 2772 ύν.
358 2708 415 2774 καὶ
448 2703 554 2775 αὐτοῦ
586 2721 724 2796 σημεῖον
751 2709 809 2795 τῆς
841 2706 990 2796 γνώμης,
1022 2710 1156 2798 πρῶτον

140 2809 203 2900 μέν
230 2806 281 2879 ότι
309 2818 534 2905 Κωνσταντίῳ
562 2813 689 2900 ταύτην
722 2815 821 2895 ἐξεῖλε
848 2811 909 2901 την
942 2828 1080 2904 μοῖραν,
1113 2809 1157 2901 ἣν
1170 2842 1196 2881 ει

224 3039 241 3088 3
264 3028 400 3110 ἐκγόνους
421 3033 491 3104 VM]
516 3028 652 3102 ἐγγόνους
721 3038 738 3086 4
760 3028 923 3101 &unwano
944 3033 1015 3103 VM]
1040 3029 1156 3089 ἐπεσκέ·

139 3111 235 3168 ψαντο
304 3108 320 3155 ὁ
351 3095 485 3187 άλληλοις
513 3105 649 3155 Petavius
677 3104 774 3156 merito
804 3108 961 3170 corruptum
988 3121 1049 3156 esse
1080 3105 1156 3156 dicit.

140 3173 301 3238 Requiritur
324 3176 386 3231 τοῖς
405 3174 534 3235 αγαθοῖς
556 3171 599 3223 vel
617 3173 707 3224 simile
727 3173 792 3238 quid
862 3175 877 3224 6
896 3164 1009 3238 ἐκείνης
1027 3169 1062 3240 V]
1083 3165 1156 3225 ἐκεί-

140 3254 201 3299 νοις
271 3242 304 3292 10
329 3240 483 3306 γίγνεσθοιι
511 3236 545 3321 VJ
571 3239 709 3305 γίνεσθαι
780 3242 812 3289 12
838 3239 892 3305 τὴν
919 3231 1057 3308 πατρῴαν
1078 3237 1154 3305 VM]

139 3302 277 3376 πατρῴαν
348 3310 379 3359 15
401 3303 473 3373 ὑμῖν
492 3301 549 3374 ἐγω
566 3305 600 3374 V]
624 3298 680 3372 ἐγώ
702 3298 772 3373 ὑμίν
843 3309 875 3358 16
896 3305 1157 3373 ψευδομαρτυριῶν

140 3373 209 3440 VM]
229 3373 483 3442 ψευδομαρτυρίας
545 3377 575 3425 17
595 3367 714 3441 αύτούς]
734 3375 796 3426 Hoc
815 3378 863 3426 aut
882 3376 1092 3441 expungendum
1109 3381 1159 3425 aut

134 3434 224 3558 ἕβτολ
243 3443 416 3561 εομὶοεοδοω
486 3446 517 3496 18
537 3439 565 3496 εέ
582 3438 615 3495 δέ
632 3434 718 3509 μήπω
736 3444 763 3494 Η
831 3445 863 3494 21
883 3434 1013 3507 ἐκγόνοις
1030 3445 1060 3494 Μ
1122 3445 1157 3493 22

189 3523 241 3562 om,
