2446 3870
479 154 614 206 oRfflo
632 154 682 208 111.
1025 154 1084 218 147

65 287 241 369 γενναίαις
269 293 405 368 ψυχαῖς;
439 280 502 349 βόο
531 278 595 369 γάρ
622 278 664 367 θη
697 280 782 348 τάδε
813 281 882 349 τινε
914 281 1022 351 πειθιό
1050 309 1085 351 τε

65 389 121 457 καί
152 388 236 455 ἰδέα
254 393 367 473 φιλίας
395 391 503 473 ἔστον,
531 378 580 454 οἷν
607 382 667 472 ἥδε
685 382 757 455 κατ’
788 394 864 455 ἰσον
892 384 1083 477 άρνσαμένη

65 491 309 581 βουλευμάτων
339 519 376 560 τε
407 489 497 584 αὐτῷ
530 494 647 578 γέγονε
679 491 856 574 κοινωνὸς,
879 495 935 562 καὶ
972 496 1083 584 πρᾷον

64 598 148 668 όντα
176 598 278 686 φύσει
305 597 366 667 τὸν
393 599 531 685 βασιλέα
558 599 613 667 καί
633 597 778 687 χρηστὸν
804 601 860 667 καί
885 597 1084 687 εὐγνώμονα

37 704 150 795 ιπρὸς
187 701 208 773 ά
244 706 373 792 πέφυκε
414 712 599 794 παρακαλεῖ
633 708 760 793 μᾶλλον
798 707 990 794 πρεπόντως
1026 707 1083 774 καί

62 810 149 902 πρὸς
177 810 382 899 συγγνώμην
408 809 472 898 την
499 816 598 897 δίκην
625 813 748 898 τρέπει.
777 808 861 880 ὥστε
880 809 942 880 οόκ
970 809 1013 880 άν
1031 839 1082 893 τις

63 924 173 987 εἰπεῖν
201 922 281 1004 ἔχοι,
309 914 374 1008 ότφ
393 915 533 1004 γε’γονεν
551 912 571 1003 ἡ
591 918 722 1003 βασιλὶς
739 914 800 1004 ἥδε
819 920 856 984 ἐν
879 923 956 1006 δίκη
975 915 1080 1006 τυχόν

62 1020 92 1112 ἢ.
111 1025 170 1092 καὶ
198 1023 288 1111 παρὰ
315 1028 415 1110 δίκην
443 1028 533 1092 αἰτία
560 1029 719 1112 τιμωρίας
749 1023 807 1090 καί
834 1023 1001 1104 κολάσεως
1027 1053 1079 1111 μι-

62 1133 146 1219 κράς
173 1125 195 1216 ἢ
224 1136 381 1217 μείζονος.
424 1127 586 1217 Ἀθήνησι
613 1128 674 1217 μὲν
702 1119 766 1198 οὖν
785 1147 900 1217 φασιν,
929 1127 983 1198 ὅτε
1010 1145 1080 1210 τοῖς
1098 1141 1124 1193 Ι)

26 1269 49 1308 ιο
62 1241 218 1325 πατρίοις
245 1241 360 1313 ἔθεσιν
390 1239 535 1326 ἐχρῶντο
563 1236 618 1304 καὶ
643 1243 725 1331 ἔζων
751 1250 821 1316 τοϊς
849 1241 985 1317 οἰκείοις
1012 1263 1081 1304 πει·
1133 1279 1136 1282 -

63 1342 209 1429 θόμενοι
236 1342 352 1431 νόμοις
370 1342 518 1431 μεγάλην
536 1343 592 1410 καί
610 1343 884 1431 πολυάνθρωπον
911 1345 1083 1423 οἰκοῦντες
1160 1391 1164 1398 -

63 1447 178 1534 πόλιν,
207 1457 241 1516 εἰ
263 1474 343 1518 ποτε
370 1451 439 1517 τῶν
472 1448 675 1529 δικαζόντων
703 1453 741 1517 αί
765 1452 874 1537 ψῆφοι
901 1447 974 1518 κατ’
1006 1459 1082 1518 ίσον

64 1555 218 1639 γένοιντο
251 1569 321 1635 τοῖς
358 1554 524 1641 φεύγουσι
559 1552 643 1644 πρὸς
674 1553 754 1635 τοὺς
791 1554 987 1641 διώκοντας,
1020 1554 1082 1642 τὴν

64 1663 121 1747 τῆς
149 1657 296 1748 Ἀθηνᾶς
328 1661 562 1748 ἐπιτιθεμένην
598 1663 644 1752 τῷ
681 1659 743 1747 τὴν
780 1664 879 1749 δίκην
917 1659 1079 1749 ὀφλήσειν

28 1797 51 1836 15
64 1762 218 1852 με’λλοντι
250 1763 411 1842 άπολόειν
447 1764 547 1854 άμφω
585 1770 643 1853 τῆς
676 1772 799 1853 αἰτίας,
827 1765 888 1836 τὸν
924 1767 986 1855 μέν
1024 1769 1040 1834 ἰ
1066 1811 1079 1820 -

64 1871 189 1958 άγοντα
216 1871 279 1960 τὴν
298 1878 503 1962 κατηγορίαν
521 1876 582 1961 τοῦ
601 1879 715 1942 θοκείν
743 1872 830 1941 εἰναι
849 1873 1080 1960 συκοφάντην,

62 1976 122 2047 τὸν
151 1979 200 2064 δέ,
229 1975 274 2059 ὡς
300 1979 398 2065 εἰκός,
425 1982 486 2047 τοῦ
513 1984 628 2048 δοκεῖν
655 1984 775 2065 ἔνοχον
798 1975 948 2069 εἶναιτῷ
967 1991 1128 2064 mvn-115

63 2084 210 2174 ρεόματι.
259 2087 382 2154 τοῦτον
418 2083 460 2172 δὴ
498 2084 743 2174 φιλάνθρωπον
776 2081 858 2152 όντα
894 2085 950 2151 καὶ
986 2089 1078 2173 χαρί-

64 2217 140 2259 εντα
167 2188 228 2259 τὸν
255 2191 362 2280 νόμον
389 2193 441 2259 ἐπὶ
468 2193 537 2259 των
564 2193 685 2277 δικῶν,
714 2186 753 2270 ἃς
779 2188 935 2277 βασιλεὺς
962 2194 1078 2279 κρίνει,

5 2300 7 2356 ἕ
32 2325 53 2366 νο
66 2296 256 2384 σωζόμενον
283 2297 470 2388 πραότερον
503 2294 588 2384 αὕτη
616 2302 826 2384 καθίστησιν.
873 2288 915 2366 οὗ
943 2295 1007 2386 γάρ
1036 2293 1080 2366 άν

65 2398 80 2470 ό
110 2403 251 2491 φεύγων
282 2400 360 2494 παρ’
392 2401 507 2489 ὀλίγον
534 2409 618 2492 ἔλθη
650 2401 713 2490 τὴν
745 2411 824 2491 ἰσην
852 2385 989 2484 ἔνταίς
1015 2403 1078 2491 ψή-

5 2496 7 2508 ’
64 2536 141 2597 φοις
168 2517 297 2596 λαχεῖν,
329 2515 455 2597 πείθει,
486 2507 549 2597 την
580 2505 664 2598 ὑπὲρ
692 2506 799 2578 αὐτοῦ
827 2511 944 2597 δέησιν
975 2529 1078 2599 προσ-

63 2625 162 2684 θεῖσα
199 2616 255 2684 καὶ
298 2620 480 2705 ίκετηρίαν,
518 2612 654 2703 ἀφεῖναι
681 2615 825 2696 ’πάντως
865 2619 924 2704 τῆς
961 2621 1077 2696 αἰτίας.

64 2715 151 2790 όθέ
185 2717 272 2790 ἔνων
308 2721 418 2791 ἑκόντι
448 2724 495 2812 τῷ
526 2724 627 2814 θυμῷ
659 2727 823 2811 χαρίζεται
855 2719 896 2790 τά
928 2725 1075 2808 τοιαῦτα,
1115 2746 1119 2750 ’

32 2831 116 2896 τεκαὶ
145 2824 203 2914 οὐ,
231 2827 383 2917 καθάπερ
402 2825 549 2916 Ὅμηρός
576 2847 696 2915 φησιν,
728 2827 961 2917 ἐκβιαζόμενος
986 2825 1117 2917 παρὰΒ

5 3023 9 3063 ἱ
63 2937 118 3021 τῆς
149 2937 293 3023 γαμετῆς
325 2931 482 3023 ὁμολογεῖ
511 2930 582 3021 ό,τι
619 2936 804 3024 ξυγχωροίη
841 2935 897 3002 καί
935 2939 1078 3002 δίδωσιν

5 3148 8 3181 3,
129 3113 203 3168 1τιό
221 3112 256 3170 δέ
273 3117 307 3182 V,
325 3113 364 3170 τό
383 3112 416 3169 δὲ
434 3134 451 3169 v
471 3115 476 3183 Ι
495 3111 603 3183 πειθά]
623 3118 705 3170 πίθω
722 3121 815 3169 Bruno
832 3116 993 3168 Friederich
1062 3120 1078 3166 2

5 3183 7 3247 ζ
63 3176 248 3253 άρρυσαμὲνη
266 3186 292 3236 V
353 3188 377 3237 ‚5
394 3188 576 3249 παρακαλεῖν
599 3191 626 3236 et
644 3191 659 3237 6
677 3182 793 3250 τρέπειν
810 3185 835 3235 V
904 3174 1002 3249 ’ἰῆόεΙ
1020 3178 1077 3248 ἠδὲ

5 3256 7 3297 f
62 3258 116 3318 pet.
190 3256 223 3304 10
249 3246 393 3321 πατρῴοις
420 3245 542 3319 (πράως
568 3253 715 3318 seriptum,
741 3258 772 3302 ut
798 3250 895 3316 πράου
923 3253 971 3301 115
987 3247 1020 3315 C)
1038 3253 1076 3313 M,

62 3317 185 3386 κρότοις
207 3325 263 3385 pet.
341 3323 373 3370 14
395 3316 628 3387 προστιθεμένην
650 3320 717 3370 Rsk.
763 3320 823 3394 ¹23
846 3317 897 3383 τῆς
921 3314 1023 3397 αἰτίαςξ
1039 3316 1075 3382 V]

5 3429 6 3433 ,
62 3386 110 3450 τὰς
130 3384 230 3445 αἰτίας
298 3390 332 3438 24
351 3387 460 3440 εἰκοντι
478 3388 536 3438 VM
605 3378 902 3452 λόἒκβιαζομενονν
958 3388 1078 3450 θόομο·

62 3457 160 3523 λογεῖν,
173 3455 251 3509 ΝΜ.
286 3455 407 3506 Cobetus
430 3457 517 3520 igitur
537 3453 719 3522 probabiliter
742 3459 839 3505 censet
854 3454 992 3505 Iulianum
1010 3455 1078 3505 seri-

5 3591 6 3599 *
60 3510 299 3590 μεὶοεοεὍμηρός
317 3537 389 3590 φησι
407 3515 459 3575 τόν
476 3520 536 3575 Δία
554 3515 757 3589 ἐκβιαζόμενον
776 3549 809 3557 -
828 3512 992 3590 ὁμολογεῖν,
1014 3521 1066 3574 col'

813 3608 867 3668 10*
