2408 3856
141 169 182 233 58
443 169 586 222 IULIANI
607 168 855 220 IMPERATORIS

141 297 359 386 μετήλλαξαν,
401 293 598 384 εὐδαίμονες
640 293 730 385 παρά
770 298 832 364 τοῦ
875 294 1028 384 πλήθους
1070 293 1158 365 εἶναι

140 404 342 492 κρινόμενοι.
389 400 473 483 ὅλως
501 401 538 471 δὲ
571 399 633 471 ούκ
662 407 752 471 ἐστιν
781 398 861 471 οὐδὲ
888 395 950 488 εἷς,
979 397 1016 482 δς
1044 401 1157 490 ἐπειδὴ

140 510 263 598 ταύτης
294 507 423 598 ἠξιώθη
451 511 509 597 τῆς
536 511 645 596 τιμῆς,
678 513 709 576 εί
734 509 790 577 καὶ
817 505 988 598 μοχθηρὸς
1015 504 1157 598 ὕστερον

140 617 260 705 ἐφάνη,
288 622 445 705 τιμωρίας
473 620 567 702 ἔτυχε
595 609 752 705 μικράςῆ
781 620 942 702 μείζονος·
970 611 1089 704 ἤρκεσε
1118 616 1157 684 δὲ

140 719 245 792 αὐτὸν
273 720 484 810 ἀπηλλάχθαι
511 721 617 809 μόνον
644 722 701 790 καὶ
728 720 833 809 μηδὲν
860 723 1009 807 ἐνοχλεῖν
1037 727 1092 789 ἐτι.
1156 722 1183 801 ’ς

95 859 120 914 D
217 843 272 914 Ἑν
300 846 338 914 δὲ
365 844 496 927 τούτοις
524 843 648 914 άπασιν
677 841 726 914 ὧν
745 847 800 914 καὶ
828 841 975 931 γεγονὼς
1002 848 1156 928 τοιοῦτος

140 953 173 1033 ἐξ
206 949 308 1042 ἀρχῆς
339 949 465 1041 ἡδονῆς
498 947 643 1040 άπάσης,
676 943 698 1041 ἦ
725 952 903 1040 πρόσεστιν
936 949 1068 1032 ὄνειδος
1099 954 1156 1021 καὶ

139 1058 274 1148 μικρόν,
307 1057 463 1149 καθαράν
489 1056 551 1146 τὴν
582 1055 696 1146 ψυχὴν
728 1057 936 1145 διεφύλαξας.
962 1055 1090 1145 μόνον
1118 1059 1156 1128 δέ

140 1163 234 1253 οἶμαι
271 1165 308 1234 σὲ
344 1167 413 1233 τῶν
458 1165 611 1254 πρόσθεν
648 1161 920 1254 αὐτοκρατόρων,
958 1162 1079 1264 σχεδὸν
1116 1165 1154 1234 δὲ

139 1269 225 1359 πλὴν
262 1269 397 1359 σφόδρα
434 1266 559 1355 ὀλίγων
595 1271 651 1338 καὶ
687 1269 823 1362 πάντων
860 1264 1052 1360 ἀνθρώπων
1090 1268 1194 1346 οὔκω

138 1372 282 1465 ἀνδράσι
302 1375 416 1464 ’μόνον
443 1375 653 1465 παράδειγμα
680 1374 763 1465 πρὸς
791 1375 1019 1464 σωφροσύνην
1046 1401 1154 1465 παρα-

139 1495 231 1568 σχεῖν
259 1481 448 1569 κάλλιστον,
481 1483 537 1551 καὶ
564 1484 698 1569 γυναιξὶ
726 1482 763 1551 δὲ
790 1485 848 1573 τῆς
876 1479 959 1571 πρὸς
986 1478 1066 1563 τοὺς
1094 1480 1154 1552 άν-

84 1615 119 1666 47
139 1591 220 1678 δρας
247 1594 434 1669 κοινωνίας.
464 1585 530 1657 ’ὅσα
558 1586 622 1678 γάρ
651 1591 792 1669 ἐκείναις
819 1584 1091 1680 ’ἀπαγορεύουσιν
1120 1581 1155 1658 ολ

138 1694 237 1783 νόμοι
270 1697 333 1764 τοῦ
364 1701 510 1783 γνησίως
543 1693 692 1782 φύεσθαι
727 1693 807 1775 τούς
844 1687 967 1775 παῖδας
1003 1695 1154 1789 ἐπιμελό-

138 1827 247 1888 μενοι,
283 1804 389 1869 ταύτα
425 1796 443 1870 ό
481 1800 580 1888 λόγος
616 1798 816 1890 ἀπαγορεύει
852 1815 923 1882 ταῖς
960 1803 1155 1889 ἐπιθυμίαις
1168 1833 1194 1874 15

137 1905 226 1997 παρὰ
254 1914 317 1977 σοί.
363 1905 434 1977 ἀλλ’
465 1903 548 1997 ύπέρ
576 1907 637 1995 μὲν
663 1906 793 1976 τούτων
826 1912 911 1994 ἔχων
939 1912 987 1974 ἐτι
1013 1913 1154 1976 πλείονα

136 2015 246 2100 λέγειν
274 2012 404 2103 ἀφίημι.
441 2017 499 2103 τῆς
526 2013 722 2103 φρονήσεως
745 2012 782 2082 δέ
801 2010 896 2094 άξιον
923 2012 986 2101 μὲν
1013 2017 1153 2083 ἔπαινον

137 2124 286 2191 διελθεῖν
314 2118 471 2207 οὐδαμῶς
498 2117 644 2210 εύχερές,
673 2117 773 2209 μικρά
801 2112 954 2206 δέόμως
981 2119 1037 2187 καὶ
1066 2115 1152 2210 ὑπὲρ

135 2227 258 2313 ταύτης
293 2227 422 2314 ῥητέον.
468 2230 537 2292 ἔστι
574 2224 611 2294 δέ
647 2224 687 2292 τά
723 2224 784 2313 μὲν
821 2230 902 2315 ἔργα
938 2227 1007 2294 τῶν
1042 2224 1153 2312 λόγων

136 2329 229 2418 οἶμαι
261 2330 446 2419 πιστότερα.
493 2327 535 2398 ού
563 2329 627 2419 γάρ
660 2332 752 2399 ἐστιν
778 2329 867 2413 εἰκὸς
898 2329 1066 2418 τοσαύτην
1094 2329 1152 2421 άρ-
1167 2365 1193 2404 ευ

96 2434 201 2524 Βχὴν
233 2438 287 2505 καὶ
325 2435 473 2523 δύναμιν
504 2433 549 2522 μη
586 2434 675 2526 παρὰ
711 2439 768 2526 της
806 2447 880 2525 ίσης
916 2432 1154 2526 διόικουμένην
1187 2451 1189 2455 ’

136 2544 193 2611 καὶ
220 2543 452 2632 κρατουμένην
480 2541 676 2632 φρονήσεως
704 2541 803 2634 [πρὸς
829 2542 1155 2631 τοσούτονμέγεθος

137 2645 321 2735 άφικέσθαι
348 2650 404 2717 καὶ
432 2648 551 2730 κάλλος
578 2649 742 2736 πράξεων·
771 2647 944 2737 ἀγαπητὸν
972 2650 1020 2734 δέ,
1048 2655 1081 2718 εί
1096 2651 1153 2719 καὶ

136 2756 176 2843 τῇ
190 2753 273 2843 τύχη
292 2755 398 2841 μόνον
413 2760 489 2843 δίχα
504 2755 699 2845 φρονήσεως
718 2757 971 2845 ἐπιτρεπομένη]
992 2756 1045 2824 ἐπὶ
1064 2753 1152 2825 πολύ

165 3057 171 3077 ἢ
220 2998 237 3048 5
264 2987 454 3064 άπηλλάχθαι
476 2994 514 3116 Vs]
543 2991 710 3064 άπηλέχθαι
737 2989 940 3076 (άπηλέγχθαη
963 2993 1008 3062 Μ)
1061 2999 1094 3074 ,6
1122 2989 1152 3049 ἐν

137 3063 174 3127 δη
196 3064 222 3116 V
293 3059 413 3143 θοζμαι
437 3059 468 3117 σὲ
512 3063 616 3133 chaef.]
642 3059 727 3130 οἶμαί
748 3079 779 3117 σε
866 3067 898 3117 13
921 3080 1153 3184 απαγσχενσυσιν

135 3130 174 3198 V]
193 3122 422 3200 άπαγορευουσι
519 3137 550 3185 14
582 3131 704 3199 γνησίως
731 3130 771 3200 V]
807 3132 944 3198 γνησίους
976 3134 981 3195 Ι
1034 3125 1152 3200 πιμελό·

136 3215 219 3263 μενοι
237 3195 306 3267 VM]
327 3195 548 3266 ἐπιμελούμενοι
619 3202 650 3251 16
668 3196 747 3283 παρὰ
764 3196 809 3252 σοὶ
826 3197 895 3267 VM]
914 3193 993 3264 παρά
1011 3214 1057 3252 σοι
1119 3203 1152 3251 22

135 3266 230 3317 Verba
246 3263 318 3334 πρὸς
335 3267 473 3320 τοσούτου
492 3295 525 3306 -
543 3267 612 3335 δίχα
630 3284 796 3335 φρυνησεως
819 3261 1028 3352 ἐπιτρεπομὲνη
1046 3267 1152 3318 habent

134 3335 171 3398 V,
190 3335 277 3385 codex
293 3336 466 3417 Anglioanus
483 3337 556 3403 apud
574 3339 731 3400 Patavium,
755 3337 852 3403 spanh.
873 3334 957 3402 (quae
975 3351 1049 3402 προς
1067 3330 1153 3414 wipo

135 3400 205 3465 legit
227 3418 276 3467 pro
298 3419 370 3466 προς
391 3400 552 3468 τοσούτου),
578 3407 709 3456 omittunt
729 3404 759 3455 M
782 3411 810 3455 et
833 3409 889 3469 pet.
963 3407 997 3455 24
1023 3399 1057 3470 τῇ
1081 3419 1153 3469 τνχη

135 3468 222 3530 Ἦγλα
248 3475 276 3519 et
304 3467 431 3538 θαλεροί]
455 3466 528 3538 τύχη
561 3471 566 3537 Ι
602 3464 649 3524 ἐπὶ
679 3467 753 3524 πολὺ
782 3468 881 3538 με’νειν
911 3487 962 3523 om.
992 3472 1018 3522 V
1042 3472 1152 3538 Anglic.

125 3535 238 3600 spana,
253 3533 340 3601 μένει
358 3539 524 3595 emendabat
541 3541 630 3603 wytt.
