2446 3870
473 149 605 201 ORATIO
624 151 660 201 11.

54 273 144 362 δούς,
174 281 282 364 μυρία
310 273 347 342 δέ
376 275 667 364 ἐπαγγελλόμενος,
695 274 756 345 οὕτ
804 279 858 345 ’,εἰ
895 292 938 371 ss
981 283 989 304 ‘
1039 370 1041 373 Ι

54 382 269 472 παρώξυνεν,
307 376 390 449 ὥστε
427 377 468 450 05
505 382 668 472 πρότερον
704 389 977 471 βουλευσαμευον
1008 382 1071 453 ’τὸν

55 487 232 559 ἀπόπλουν
259 488 577 576 παρασκευάζεσθαι.
615 494 683 558 ἐστι
712 489 749 557 δὲ
777 486 889 558 αὐτῶν
917 487 956 557 τά
984 498 1072 559 θαυ-

54 593 163 683 μαστὰ
189 597 251 682 τῆς
279 594 445 674 συνέσεως
473 601 632 682 δείγματα
651 599 689 663 αἴ
713 622 748 664 τε
767 597 819 664 ἐπὶ
846 593 907 665 τὸν
925 594 1072 682 πόλεμον

29 700 280 791 επαρακλήσεις
297 700 353 768 καί
381 695 401 786 ἡ
429 707 613 787 τειχοποιία
630 704 693 770 τοῦ
720 702 900 791 Νέστορος,
927 708 1073 789 πρεσβυ-

53 806 149 876 τικὸν
169 813 247 875 λίαν
265 807 323 875 καὶ
341 802 486 893 άτολμου
505 807 676 894 ἐπιυόημα.
705 805 833 876 οὔκουν
852 803 933 876 οὐδὲ
952 804 1073 894 ὄφελος

54 906 96 1001 ἦν
133 910 224 982 πολὺ
255 925 326 993 τοῖς
355 908 497 999 Ἀχαιοῖς
527 916 590 981 τοῦ
621 913 868 1001 μηχανήματος·
902 910 985 981 άλλά
1016 909 1072 1001 ητ-

54 1024 162 1088 τῶυτο
190 1021 260 1087 τῶν
282 1017 407 1109 Τριόων
434 1016 472 1087 τδ
496 1033 603 1106 τεῖχος
630 1019 883 1105 ἐπιτελέσαντες,
911 1020 967 1088 καὶ
986 1020 1074 1106 μάλα
1094 1045 1129 1094 τε

55 1126 201 1206 εἰκότως.
247 1124 320 1192 τότε
347 1123 409 1211 μὲν
436 1123 501 1215 γάρ
523 1122 620 1194 αὐτοὶ
647 1128 715 1194 τῶν
743 1127 830 1194 νεῶν
858 1123 964 1217 ᾤοντο
992 1151 1072 1215 προ-

25 1259 44 1298 m
57 1235 246 1320 βεβλῆσθαι
273 1230 425 1320 καθάπερ
445 1237 552 1319 ἐρυμα
570 1245 741 1317 γενναῖον·
770 1233 840 1300 ἐπεὶ
859 1231 897 1301 δὲ
924 1230 1073 1321 ᾔσθοντο

55 1336 91 1407 τό
126 1340 228 1424 σφῶν
259 1343 479 1426 προκείμενον
515 1338 571 1406 καὶ
604 1334 938 1426 άποικοδομοόμενον
968 1353 1075 1427 τεῖχος

57 1444 175 1536 τάφρῳ
217 1449 341 1534 βαθείᾳ
381 1444 437 1511 καί
479 1443 663 1525 πασσάλοις
707 1441 796 1525 ὀξέσι
842 1444 1074 1533 διηλοόμενον,

57 1538 340 1641 κατερρμθόμουυ
367 1551 423 1619 καὶ
450 1545 591 1636 ὑφίεντο
610 1553 669 1638 τῆς
695 1546 797 1638 άλκης
820 1553 866 1642 τῷ
893 1558 1075 1640 τειχίσματι

59 1655 268 1736 πεποιθότες.
319 1652 391 1724 ἀλλ’
426 1651 468 1725 05
501 1654 565 1744 γάρ
598 1665 632 1724 εί
659 1683 709 1737 τις
741 1659 880 1737 ἐκείνοις
911 1660 1074 1746 μέμφοιτο

0 1805 1 1817 1
30 1765 113 1830 ιικαδ
142 1761 348 1831 ἐπιδεικνύοι
377 1761 673 1850 διαμαρτάνοντας,
701 1752 800 1843 οὗτός
818 1765 888 1831 ἐστι
914 1765 1076 1851 βασιλέως

6 1855 9 1865 ’
62 1865 237 1958 ἀξιόχρεως
264 1870 448 1955 ἐπαινέτης·
477 1865 567 1948 ὅστις
596 1868 632 1936 δὲ
652 1866 744 1955 οἶμαι
762 1871 830 1935 τῶν
849 1873 957 1956 ἔργων
975 1867 1074 1950 ἀξίοις
1093 1887 1118 1940 Β

62 1981 243 2063 μνησθείη,
281 1970 323 2042 05
354 1974 463 2062 μάτην
500 1970 581 2043 οόδέ
618 1970 811 2074 αὐτομάτως
848 1969 928 2041 οὐδὲ
964 1970 1075 2065 άλόηςο

62 2084 150 2172 φορᾷ
187 2082 396 2169 γευομένων,
436 2079 761 2171 προβουλευθέντων
798 2077 834 2147 δέ
872 2075 984 2167 ὀρθῶς
1020 2082 1076 2148 καὶ

62 2180 315 2313 διοικηθέντοιν,
344 2212 443 2267 ουτος
461 2182 653 2314 άρκρύντως
681 2187 811 2254 ἐπαινεῖ
830 2183 892 2272 τὴν
915 2188 1077 2274 βασιλέως

34 2283 260 2393 ιιάχχίνοιαν.
281 2319 320 2362 το
307 2290 385 2360 δὲ
397 2289 450 2379 ἐφ’
482 2292 603 2381 ἑκάστη
630 2292 766 2384 συνόδῳ
793 2288 853 2372 τὰς
872 2297 1077 2383 δημηγορίας

61 2402 206 2487 ἐκλέγειν
234 2397 320 2489 (τὰς)
350 2395 434 2479 ἐς
399 2425 441 2466 τα
459 2397 666 2488 στρατόπεδα
684 2399 740 2467 καὶ
768 2397 895 2486 δήμους
922 2401 977 2468 καὶ
995 2406 1076 2488 βο-υ

61 2502 216 2596 λευτηρια
244 2501 449 2594 μακροτέρας
477 2510 582 2573 δεῖται
609 2531 667 2594 της
694 2507 953 2596 ξυμμραφης.
936 2504 1011 2587 ευδς
1039 2506 1077 2574 δέ

61 2607 149 2694 ίσωςΙ
172 2610 350 2680 ἐπακούειν
384 2607 425 2680 05
457 2610 612 2698 χαλεπόν.
656 2618 716 2679 καί
744 2639 801 2699 μοι
832 2611 933 2680 πάλιν
961 2612 1076 2700 ἐννοή-

61 2740 137 2788 σατε
169 2716 233 2786 τὸν
259 2719 428 2807 Λαέρτου,
461 2713 561 2786 ὁπότε
593 2712 811 2807 ὡρμημένους
840 2719 971 2786 ἐκπλεῖν
998 2716 1078 2799 τοὺς

30 2821 217 2913 υἝλληυας
244 2825 351 2911 ἐπέχει
377 2826 435 2911 της
454 2818 557 2911 ὁρμῆς
584 2824 641 2892 καὶ
669 2825 702 2904 ἐς
720 2821 780 2892 τὸν
806 2824 953 2912 πόλεμον
980 2830 1118 2910 μετα-Ο

60 2937 174 3020 τίθησι
206 2928 269 3018 τὴν
301 2939 440 3020 προθυμ
442 2930 601 3016 ίαν,“ικαὶ
635 2930 726 3018 [τοῦ]
759 2930 922 3019 βασιλέως
952 2926 1013 2997 τὸν
1041 2930 1078 2996 ἐν

144 3116 160 3165 2
185 3104 220 3165 ⁰5
225 3104 392 3192 πρότερον]
416 3113 512 3164 Malim
534 3107 673 3193 πρότερον
697 3105 731 3165 05
760 3113 764 3177 Ι
796 3104 1077 3191 βουλευσάμενον-

60 3171 337 3261 παρασκευάζεσθαι
366 3179 407 3248 V]
424 3174 721 3264 βουλευσάμενος-
744 3173 1002 3260 παρασκευάζεται
1062 3183 1078 3231 3

61 3240 156 3301 αὐτῶν
174 3246 215 3315 H]
236 3238 314 3315 αότῷ
383 3242 543 3329 θάτολμον
561 3239 638 3314 V]''
618 3263 727 3300 ατοπον
753 3246 758 3314 l
785 3239 891 3299 οὔκουν
909 3242 950 3312 H]
970 3235 1079 3299 οίικοῦν

61 3320 90 3366 ll
115 3316 297 3369 scribendum
322 3331 382 3366 esse
404 3322 471 3381 puto
489 3312 522 3368 τὸ
541 3315 621 3382 σφῶν
643 3313 834 3394 προκείμενον
853 3305 1079 3398 ρἰτῳκοδομημέ-

60 3398 111 3435 νον
129 3383 221 3449 τείχει
244 3381 293 3463 κμὶ
311 3379 413 3449 τάφρω
435 3383 546 3456 βαθείᾳ
564 3383 614 3436 καί
637 3375 795 3441 πασσάλοις
813 3377 891 3446 ὀξέσι
910 3377 1081 3460 διειλημμέ-

60 3467 111 3503 νον
183 3435 454 3511 21τάςαδδ.ίίεκ
518 3435 582 3503 24
570 3444 751 3517 ορμωμένους
769 3450 798 3500 Μ
867 3453 900 3502 26
919 3447 970 3503 τοῦ
990 3466 1080 3519 aeque

61 3524 220 3585 suspectum
238 3524 282 3570 est
299 3534 333 3571 το
351 3520 418 3571 55Β

115 3610 196 3653 Iulian
180 3613 250 3653 11qu
249 3639 255 3652 ,
858 3613 873 3666 Ἰ
