2446 3870
144 155 207 220 238
447 157 590 208 IULIANI
613 156 862 207 IMPERATORIS

147 287 260 371 οὖτον,
286 281 324 352 τό
354 285 480 353 δοκοῦν
508 286 651 372 ἐργῶδες
677 285 714 351 ἐν
742 278 857 364 αύτοίς
883 281 1029 370 φεύγων.
1070 281 1109 353 τὸ
1129 280 1160 353 δ’

147 389 228 460 ὅλον
265 385 365 459 ὁποῖα
402 387 484 459 ἅττα
525 394 619 459 δοκεῖ
653 390 708 458 καὶ
747 383 889 458 οἷστισιν
920 384 1074 479 ἁρμόττει
1106 393 1164 479 τῆς

146 499 255 584 ψυχῆς
281 497 432 584 μέρεσιν,
460 492 523 564 ούιι
550 492 718 584 ἀγνοήσει.
764 495 879 564 σκόπει
907 493 966 582 δή,
994 500 1027 564 εί
1052 494 1097 584 μή
1125 495 1163 566 τὸ

147 601 269 673 ἑαυτὸν
296 605 425 689 γνῶναι
443 601 550 690 πάσης
568 600 630 689 μὲν
648 601 838 690 ἐπιστήμης,
866 599 973 688 πάσης
992 600 1029 671 δὲ
1047 602 1165 690 τέχνης

146 705 277 798 ἡγεῖταί
300 735 335 776 τε
363 705 431 797 ἅμα
457 709 513 777 καί
540 706 620 790 τούς
646 707 799 777 καθόλου
822 707 945 794 λόγους
972 714 1189 796 συνείληφεε

95 815 192 886 184τύ
215 842 250 884 τε
276 811 341 905 γὰρ
367 824 447 888 θεία
475 812 532 884 διὰ
550 817 608 903 της
634 813 777 901 ἐνούσης
803 809 883 902 ήμῖν
905 819 1003 895 θείας
1029 820 1165 903 μερίδος

146 921 187 990 τό
205 947 240 990 τε
258 918 369 1010 θνητοὶ
388 920 445 991 διὰ
467 924 526 1010 τής
547 923 772 1008 θνητοειδοῦς
789 927 908 1009 μοίρας
931 917 1015 1007 πρὸς
1032 920 1165 1001 τούτοις

148 1033 212 1116 ἔφη
244 1026 285 1097 τὰ
318 1024 439 1115 μεταξύ
471 1030 532 1097 τοῦ
564 1030 649 1118 ζῷον
681 1025 767 1096 εἶναι
794 1024 854 1099 τὸν
886 1023 1087 1114 ἄνθρωπον,
1119 1029 1165 1118 τῷ

147 1132 209 1221 μὲν
240 1131 321 1203 καθ’
356 1135 497 1202 ἕκαστον
528 1133 674 1221 θνητόν,
705 1135 751 1224 τῷ
785 1133 885 1201 παντί
912 1130 951 1201 δὲ
978 1128 1165 1218 ίιθοίνατον,

146 1241 203 1308 καὶ
221 1240 335 1326 με’ντοι
362 1240 417 1308 καί
435 1237 496 1308 τὸν
524 1241 583 1306 ἕνα
602 1239 657 1306 καὶ
675 1236 737 1307 τὸν
759 1235 839 1307 καθ’
870 1240 1011 1307 ἕκαστον
1030 1254 1163 1325 συγκεῖ-
1178 1270 1200 1311 ιο

148 1355 230 1413 σθαι
256 1346 294 1414 ίιι
319 1347 448 1433 θνητῆς
474 1345 530 1413 καὶ
558 1340 735 1413 ἀθανάτου
762 1349 905 1434 μερίδος.

193 1446 266 1527 Ὅτι
293 1450 408 1538 μέντοι
434 1452 490 1519 καὶ
508 1447 545 1518 τὸ
574 1451 620 1542 τῷ
643 1452 714 1542 θεῷ
741 1448 825 1519 κατὰ
852 1449 999 1536 δύναμιν
1028 1444 1164 1537 ὁμοιού-

148 1566 231 1625 σθαι
250 1552 313 1626 ούκ
341 1553 420 1625 ἄλλο
439 1562 475 1625 τί
499 1558 590 1628 ἐστιν
616 1551 637 1644 ἢ
666 1555 703 1625 τὸ
722 1553 785 1645 τήν
808 1552 949 1645 ἐφικτήν
967 1552 1179 1645 ἀνθρώποις.

107 1665 276 1747 Βγνοῖσιν
302 1665 371 1730 τῶν
397 1660 507 1733 όντων
532 1661 825 1752 περιποιήσασθαι,
852 1661 1023 1752 πρόδηλον
1052 1664 1164 1732 ἐντεύ-

146 1777 219 1838 θεν.
265 1765 397 1859 οὐγὰρ
424 1771 478 1838 ἐπὶ
505 1768 637 1860 πλούτςο
666 1767 842 1857 χρημάτων
868 1767 906 1838 τὸ
929 1776 1028 1836 θείου
1056 1795 1160 1856 μακα-
1174 1798 1196 1840 ιε

148 1880 280 1964 ρίζομεν
298 1872 379 1944 ούδέ
406 1872 457 1945 ἐπ’
486 1873 575 1968 ύλλςο
593 1876 659 1945 τινὶ
677 1877 746 1943 τῶν
763 1875 991 1967 νομιζομένων
1009 1871 1163 1961 ἀγαθοῖν,

148 1978 220 2051 ἀλλ’
251 1979 332 2073 ὅπερ
353 1979 500 2072 Ὅμηρός
527 2001 614 2071 φησι

308 2107 385 2176 θεολ
413 2108 453 2176 δέ
477 2133 512 2175 τε
539 2105 647 2175 πάντα
675 2115 777 2191 ίσαοι,

149 2231 205 2298 καὶ
233 2231 346 2318 μέντοι
373 2230 429 2297 καὶ
457 2230 531 2316 περὶ
558 2226 644 2310 Διὸς

227 2348 322 2421 Ἀλλδι
350 2349 435 2432 Ζεὺς
460 2350 619 2441 πρότερος
636 2351 776 2439 ’γεγόνει
803 2352 859 2421 καὶ
886 2357 1024 2421 πλείονα
1051 2349 1140 2442 ᾔδει·
1175 2382 1199 2422 ιο

46 2506 47 2509 ’
151 2470 310 2564 ἐπιστήμη
343 2473 406 2563 γὰρ
443 2470 539 2563 ήμιόν
576 2478 613 2543 οί
645 2477 723 2544 θεοὶ
760 2476 991 2564 διαφέρουσιν.
1036 2471 1166 2562 ἡγεῖται

110 2598 131 2653 C
150 2581 214 2672 γὰρ
242 2589 322 2662 ἴσως
339 2582 395 2650 καί
414 2576 529 2662 αύτοϊς
555 2582 623 2648 τῶν
641 2583 753 2651 καλῶν
770 2579 807 2650 τὸ
828 2576 952 2671 αύτούς
970 2582 1164 2669 γινώσκειν·

151 2685 219 2780 ὅσῳ
248 2685 289 2776 δή
321 2677 506 2778 κρείττονες
537 2682 633 2775 ἡμῶν
660 2693 724 2756 είσι
755 2685 818 2777 τήν
845 2683 981 2773 ούσίαν,
1014 2689 1165 2781 τοσούτφ

151 2794 288 2882 γνόντες
320 2790 461 2875 ἑαυτούς
493 2802 625 2889 ἴσχουσι
653 2793 835 2882 βελτιόνων
868 2796 1003 2881 γνῶσιν.
1049 2796 1166 2887 μηδεὶς

220 3047 324 3119 Ὶπρός
342 3047 455 3112 τούτοις
471 3050 544 3118 κτλ]
563 3052 728 3134 ,3Mendosus
741 3052 847 3103 Ιοοιιε.“
865 3053 925 3105 Pet.
944 3030 1011 3106 Βία.
1030 3052 1166 3104 audacter

153 3120 288 3186 conjecit:
311 3119 414 3188 μοίρας
436 3118 488 3186 τῆς
509 3111 631 3186 ίνουσης
653 3112 723 3183 πρὸς
750 3112 863 3178 τούτοις
890 3115 940 3198 [ευ.
963 3122 1027 3178 τοῖς
1053 3116 1164 3186 θείοις]

152 3185 209 3255 ἔφη
229 3186 279 3257 [ιο.
296 3181 312 3239 δ
331 3179 403 3248 θεὸς
421 3181 453 3238 ἔτι
470 3182 508 3252 τῷ
526 3186 622 3253 γνῶθι
645 3179 781 3252 σεαυτόν]
806 3179 856 3238 διδ
875 3204 909 3238 το
927 3183 1036 3252 μεταξύ
1055 3180 1165 3239 τούτων

152 3254 224 3319 ζῶον
244 3249 320 3308 εἶναι
339 3249 390 3307 τόν
406 3245 574 3320 ἄνθρωπον.
604 3255 665 3319 Ego
683 3270 755 3317 vero,
773 3258 798 3304 si
816 3255 882 3305 mihi
901 3269 1009 3320 quoque
1028 3254 1096 3305 licet
1113 3256 1165 3306 ali-

152 3307 219 3387 qifid
237 3324 348 3387 audere,
367 3322 483 3373 scribam
497 3323 609 3405 fotius:
626 3315 783 3387 προσήκειν
801 3317 858 3388 ἔφη
876 3315 908 3373 τὸ
928 3314 1036 3386 μεταξύ
1055 3313 1166 3374 τούτων

152 3388 223 3458 ζῷον
254 3386 379 3450 είδίναι,
410 3382 461 3441 τὸν
491 3390 658 3454 ανδραπον.
694 3387 736 3444 cf.
764 3389 874 3440 Maxim.
903 3389 966 3454 Tyr.
989 3393 1018 3452 4,
1047 3393 1061 3440 7
1133 3392 1165 3440 18

151 3458 249 3522 Odyss.
268 3457 301 3521 δ,
319 3460 369 3509 379
416 3506 418 3509 ,
450 3459 483 3508 20
504 3457 586 3508 Iliad.
604 3474 635 3521 ν,
655 3459 705 3508 356
784 3459 812 3506 21
835 3455 1026 3522 διαφέρουσιν
1044 3455 1081 3522 H]
1101 3456 1165 3507 διαΙ

149 3521 274 3590 φέρουσι
343 3527 376 3576 26
394 3517 547 3589 βελτιόνων
568 3523 602 3591 Η]
621 3523 677 3576 τῶν
695 3517 849 3589 βελτιόνων
