2416 3864
217 160 397 212 ωετετοτε
415 160 463 211 An
484 160 510 211 ε.
530 163 561 212 ε.
581 161 614 223 ο.
631 147 905 214 ATHENIENSEM.
1016 164 1080 229 359

63 289 189 378 κύριος.
235 289 268 368 ἐξ
302 277 350 354 ῶν
383 281 400 355 ό
428 287 664 368 Κωνστάντιος
701 294 842 376 νομίσας
879 286 981 381 ὀλίγῳ
1018 291 1080 379 μὲν

65 392 257 478 ἐπιδώσειν,
286 388 349 461 ούκ
376 396 424 472 είς
450 395 615 464 τοσοῦτον
642 393 680 462 δὲ
711 396 895 481 μεταβολῆς
920 393 1012 482 ῆξειν
1039 396 1080 465 τά

62 503 133 569 τῶν
151 500 287 568 Κελτῶν
313 497 499 587 πράγματα,
528 503 652 567 δίδωσί
676 526 732 588 μοι
750 503 818 569 τῶν
846 502 1080 591 στρατοπέδων

63 604 126 694 τῆν
153 602 336 694 ῆγεμονίαν
362 595 444 693 ῆρος
472 600 565 693 ἀρχῆ.
609 606 665 673 καὶ
693 605 860 695 στρατεύω
887 606 949 693 μὲν
976 605 1079 696 ἀκμά-

38 719 180 794 εξοντος
207 713 269 779 τοῦ
297 715 404 796 σίτου,
431 713 565 779 πολλῶν
592 709 681 779 πάνν
711 714 892 800 Γερμανῶν
919 714 993 841 περὶ
1021 712 1080 795 τάς

62 819 322 945 πεπορθημένας
349 818 387 884 ἐν
405 823 542 896 Κελτοις
560 815 672 897 πόλεις
695 814 801 898 ἀδεῶς
818 819 1074 888 κατοικούντων.
1079 838 1132 887 279

62 921 101 993 τὸ
131 913 253 1011 μέν’
212 939 275 991 ουν
293 923 423 1008 πλῆθος
449 923 518 989 τῶν
535 922 666 991 πόλεων
684 924 782 991 πέντε
799 948 866 992 πον
890 926 945 993 καί
963 945 1079 994 τεσσα

64 1029 211 1118 ράκοντα
202 1027 309 1114 ἐστι,
332 1032 423 1115 τείχη
441 1025 482 1095 τὰ
500 1029 732 1117 διηρπασμένα
756 1034 834 1117 δίχα
852 1033 920 1099 τῶν
938 1031 1078 1121 πύργων

65 1135 121 1204 καὶ
149 1137 217 1202 τῶν
245 1133 438 1202 ἐλασσόνων
457 1139 641 1223 φρουρίων.
681 1126 721 1223 ῆς
749 1132 814 1225 (δ’)
842 1138 1061 1264 ἐνέμοντο
1019 1164 1080 1223 γης

24 1271 50 1311 10
66 1242 120 1310 ἐπί
147 1240 225 1309 τάδε
252 1243 313 1308 τοῦ
337 1235 457 1328 Ῥῆνον
477 1238 593 1333 πασης
620 1244 656 1309 οί
680 1240 845 1330 βάρβοιροι
872 1241 910 1311 τὸ
939 1245 1081 1330 μέγεθος

66 1344 195 1416 ὁπόσον
222 1343 287 1414 ἀπὸ
319 1348 389 1413 τῶν
415 1348 534 1433 πηγῶν
566 1343 679 1415 αύτῶν
706 1345 890 1437 ἀρχόμενος
917 1345 992 1437 ἀχρι
1010 1351 1080 1418 ’τού

63 1451 227 1521 Ὠκεανοῦ
263 1451 519 1540 περιλαμβάνει·
560 1453 733 1540 τριακόσια
771 1453 808 1521 δέ
845 1450 983 1542 ἀπεῖχον
1023 1457 1081 1542 τῆς

64 1555 168 1649 ᾐόνος
205 1558 266 1627 τοῦ
294 1553 414 1646 Ῥῆνον
452 1556 571 1626 στάδια
607 1562 648 1626 ‘ol'
672 1557 755 1648 πρὸς
790 1555 876 1648 ῆμάς
911 1563 1082 1640 οἰκοῦντες

63 1669 210 1752 ῑέσχατοι,
236 1663 435 1762 τριπλάσιον
454 1662 491 1730 δὲ
509 1652 554 1752 ῆν
573 1667 620 1730 ἐτι
637 1661 760 1732 τούτου
783 1663 906 1746 πλάτος
923 1662 962 1734 τὸ
981 1685 1079 1734 κάτα-
1095 1679 1117 1733 Β

23 1799 52 1840 15
65 1764 207 1859 λειφθὲν
225 1775 350 1859 ἐρημον
368 1763 434 1838 ὑπὸ
461 1770 520 1857 τῆς
537 1775 723 1856 λεηλασίας,
752 1775 837 1839 ἐνθα
861 1767 941 1839 οὐδὲ
968 1772 1081 1858 νέμειν
1189 1842 1191 1845 ,

66 1878 145 1965 ἐξῆν
180 1890 251 1956 τοῖς
283 1881 421 1955 Κελτοῖς
457 1873 498 1942 τά
525 1874 734 1963 βοσκήματα,
767 1877 823 1944 καὶ
855 1875 967 1957 πόλεις
993 1875 1082 1957 τινές

66 1989 184 2072 ἐρημοι
224 1984 292 2050 τῶν
329 1981 565 2065 ἐνοικούντων,
607 1975 660 2061 αίς
698 1978 790 2050 ούττω
827 1981 1010 2073 παρῴκουν
1049 1985 1084 2050 oc

67 2088 242 2178 βάρβοιροι.
289 2089 326 2155 ἐν
361 2085 493 2168 τούτοις
530 2077 637 2155 οὖσαν
673 2084 872 2175 καταλαβῶν
913 2084 978 2173 ἐγὼ
1019 2083 1081 2174 τῆν

68 2192 238 2264 Γαλατίαν
264 2192 363 2262 πόλιν
385 2220 420 2262 τε
440 2189 606 2280 ἀνέλαβον
633 2190 695 2281 τῆν
720 2190 937 2282 Ἀνριππίνοιν
965 2194 1017 2262 ἐπὶ
1036 2195 1081 2284 τῶ

22 2297 185 2392 εοῬῆνμ,
217 2297 282 2388 πρὸ
316 2302 434 2387 μηνῶν
466 2299 652 2368 ἕαλωκνίάν
678 2324 745 2368 πον
774 2301 869 2386 δέκα,
896 2300 951 2368 καὶ
977 2312 1084 2387 τεῖχος

65 2404 265 2496 Ἇρμέντορα
291 2396 546 2493 νίλησίόῦπρὸς
577 2419 648 2485 ταῖς
680 2400 861 2494 ὑπωρείαις
888 2403 994 2475 αύτοῦ
1020 2408 1083 2474 τοῦ

67 2515 232 2599 Βοσέγου,
259 2513 315 2580 ’καὶ
343 2510 552 2598 ἐμαχεσάμην
580 2507 657 2599 (ούκ
676 2508 827 2601 ἀκλεῶς),
856 2521 936 2593 ίσως
958 2513 1013 2580 καί
1037 2517 1118 2592 είςῦ

65 2615 156 2707 Ιὑμᾶς
184 2615 322 2706 ἀφίκετο
349 2613 370 2705 ῆ
398 2615 535 2704 τοιαύτη
563 2615 659 2705 μάχη.
696 2623 782 2686 ἔνθα
799 2621 868 2686 τῶν
895 2621 988 2687 θεῶν
1006 2616 1082 2685 δόν-

68 2750 137 2793 των
164 2736 221 2812 μοι
248 2720 309 2793 τὸν
336 2724 474 2811 βασιλέα
492 2724 560 2791 τῶν
578 2728 746 2810 πολεμίων
773 2722 993 2811 αίχμάλωτον,
1022 2720 1084 2791 ούκ

25 2855 55 2896 25
70 2830 248 2918 ἐφθόνησα
275 2832 338 2899 τοῦ
363 2826 624 2916 κατορθώματος
643 2834 877 2921 Κωνσταντίῳ.
923 2834 1031 2897 καίτοι
1055 2833 1086 2896 εί

68 2935 114 3025 μῆ
156 2935 378 3025 θριαμβεύειν
420 2935 516 3022 ἐξῆν,
558 2931 784 3022 ἀποσφάττειν
824 2932 885 3002 τὸν
924 2933 1084 3020 πολέμιον

141 3179 413 3269 1όλίηῳ]όλίηονλ
482 3176 566 3251 8τά]
585 3199 616 3236 τε
635 3184 702 3240 Rsk,
771 3174 835 3235 95'
856 3183 919 3234 add.
938 3184 999 3234 Pet.
1053 3185 1085 3234 10

68 3246 118 3308 ἐπί
138 3239 296 3336 τάδεΡεις]
315 3247 486 3318 ἐπίταδελί,
511 3245 737 3328 ἐπισπείρει.
823 3241 961 3330 ιεήῥνος
980 3242 1057 3316 Η]ῆ
1060 3257 1084 3300 ϊ·

68 3317 136 3382 όνος
224 3326 255 3371 21
277 3314 444 3386 Ἀρηέντορα
466 3291 535 3386 1³05]
554 3308 703 3401 Ἀηέντορα
725 3333 756 3381 ν,
778 3308 993 3383 Ἀρηεντόροιτον
1017 3316 1084 3368 Cob

68 3392 103 3440 22
125 3387 252 3455 Βοοέγοο
274 3386 347 3455 Pet]
370 3385 518 3470 Βαροέηον
550 3386 554 3449 Ι
587 3402 641 3437 οοκ
664 3355 786 3448 ἀκλεῶς,
814 3385 881 3445 ίσως
905 3383 955 3436 καί
979 3384 1084 3450 ερεοδ,

68 3454 99 3507 in
123 3464 179 3542 pet.
204 3461 246 3507 est
269 3458 386 3519 lacuna,
414 3456 443 3505 in
465 3455 490 3504 V
516 3469 631 3520 perrona
657 3455 754 3504 charta
780 3461 887 3504 certum
911 3458 1017 3504 tantum
1042 3457 1085 3503 est

95 3522 175 3589 ..ὀς,
194 3525 264 3575 satis
283 3531 360 3575 certa
378 3523 497 3587 vestigia
515 3522 659 3572 verborum
680 3521 746 3580 ἴσως
764 3517 813 3572 καί
