2414 3862
126 151 190 216 554
428 152 574 230 mmm
591 150 840 203 ιυεεειτοιυε

124 285 208 355 κατὰ
243 291 355 355 πᾶσαν
384 285 449 374 τὴν
480 285 649 355 Γαλατίαν
680 287 836 353 έαέλενσα
868 289 1016 373 δοθῆναι
1051 292 1148 356 σίτου

125 394 180 461 καὶ
209 393 464 483 ἑξακισμυρίους
490 401 588 460 ολνου
611 392 738 473 ξέστας·
776 383 826 460 ῶν
846 391 972 479 τὸμὲν
994 396 1149 481 πέμπτον

126 504 174 579 είς
199 498 279 579 τοὺς
304 501 448 585 πένητας
476 496 556 578 τοὺς
581 511 651 577 τοῖς
677 501 825 585 ἱερεῦσιν
853 495 1148 587 ύπηρειουμένονς

126 602 371 679 ἀναλίσκεσθαί
399 631 487 691 φημι
517 607 653 691 χρὴναι,
689 602 730 673 τὰ
758 603 796 671 δὲ
824 602 908 672 ἄλλα
934 621 1008 684 τοῖς
1039 607 1147 687 ξένοις

82 730 106 783 Ι)
125 711 181 779 καὶ
203 724 273 788 τοῖς
295 713 508 796 μεταιτούσιν
530 711 747 797 ἐπινέμεσθαι
769 708 850 799 παρ’
869 709 974 798 ἡμῶν.
1001 711 1170 800 αίσχρὸνι

126 815 207 904 γάρ,
234 820 266 883 εί
290 819 359 884 τῶν
381 815 444 903 μὲν
463 813 639 888 Ἰουδαίων
661 811 774 896 οὐδεὶς
796 832 954 903 μεταιτεῖ,
982 820 1147 906 τρέφουσι

127 923 164 991 δὲ
187 925 224 991 οί
244 925 417 1009 δυσσεβεῖς
440 928 613 990 Γαλιλαῖοι
635 921 720 1011 πρὸς
741 935 813 1002 τοῖς
835 920 964 992 ἑαυτῶν
985 925 1043 991 καὶ
1067 923 1147 1004 τοὺς

126 1026 321 1117 ἡμετέρους,
351 1033 388 1097 οἱ
413 1029 450 1098 δὲ
472 1026 629 1117 ἡμέτεροι·
648 1032 707 1115 τῆς
728 1026 807 1116 παρ’
833 1026 929 1116 ἡμῶν
952 1031 1147 1120 ἐπικουρίας

127 1136 251 1215 ἐνδεεῖς
273 1140 463 1222 φαίνονται.
509 1137 647 1201 δίδασκε
670 1133 708 1201 δὲ
730 1134 786 1201 καὶ
809 1137 1046 1223 συνεισφέρειν
1067 1137 1146 1217 τοὺς
1171 1191 1174 1198 .

120 1237 334 1327 Ἐλληνιστδις
356 1245 404 1319 είς
425 1238 484 1318 τὰς
505 1237 662 1318 τοιαύτας
683 1246 892 1328 λειτουργίας
913 1241 969 1308 καὶ
995 1240 1056 1323 τὰς
1073 1242 1145 1312 Ἐλ-
1158 1268 1179 1307 ιι

74 1343 264 1431 ιειληνικὰς
294 1344 408 1431 ιιῶμας
438 1342 649 1431 ἀπάρχεσθαι
680 1360 750 1425 τοῖς
778 1355 873 1426 θεοῖς
900 1351 969 1415 τῶν
996 1354 1145 1438 παρειῶν,

125 1451 181 1518 καί
208 1449 287 1531 τοὺς
309 1448 525 1538 Ἑλληνικοὺς
550 1464 622 1530 ταῖς
653 1451 825 1531 τοιαύταις
851 1447 1019 1534 εύποιίαις
1044 1476 1145 1544 προσ-

49 1622 51 1626 ,
127 1558 227 1644 έθιζε,
251 1557 422 1627 διδάσκων
445 1554 576 1644 αύτούς,
600 1554 646 1637 ῶς
667 1560 767 1626 τούτο
790 1556 892 1625 πύλαι
915 1550 960 1645 ἡν
982 1557 1146 1649 ἡμέτερον

127 1669 237 1752 ἔργον.
260 1663 403 1752 Ὅμηρος
422 1666 508 1750 γοῦν
526 1659 608 1732 αύτὸ
627 1671 807 1751 πεποίηκεν
820 1662 976 1752 Εὔμαιον
989 1668 1145 1754 λέγοντα·

170 1768 275 1857 ἰδεῖν,
294 1769 336 1840 ού
354 1798 412 1858 μοι
429 1772 529 1857 θέμις
543 1766 622 1854 ἔστ’,
642 1766 717 1837 οὐδ”
734 1775 765 1838 εί
777 1776 903 1838 κακίων
917 1772 1023 1840 σε’θεν
1037 1779 1144 1861 έλθοι,
1158 1797 1179 1837 ιε

86 1894 109 1947 Β
171 1878 293 1953 Ξεῖνον
317 1874 488 1963 ἀτιμῆσαι·
512 1873 597 1963 πρὸς
619 1874 683 1962 γδιρ
707 1875 792 1956 Διός
815 1880 902 1944 είσιν
924 1875 1091 1960 ἅπαντες-

170 1985 287 2058 Ξεῖνοί
306 2009 341 2051 τε
363 1987 491 2068 πτωχοί
510 2008 553 2049 τε.
599 1980 694 2060 δόσις
716 1977 748 2048 δ’
772 1977 875 2068 ιὀλίγη
892 2009 926 2050 τε
950 1990 1034 2072 φίλη
1058 2014 1104 2055 τε.

31 2149 35 2158 .
125 2087 171 2175 μὴ
198 2087 241 2176 δὴ
269 2086 309 2156 τδι
335 2084 414 2178 παρ’
440 2085 521 2174 ἡμῖν
548 2083 662 2172 ἆγαθδι
691 2091 904 2174 παραζηλούν
926 2087 1044 2171 ἄλλοις
1069 2114 1149 2181 συγ-

125 2198 312 2285 χωροῦντες
339 2191 435 2263 αὐτοὶ
458 2196 498 2282 τὴ
522 2195 673 2284 ῥᾳθυμία
695 2194 985 2282 καταισχύνωμεν,
1017 2203 1149 2285 μᾶλλον

126 2302 164 2369 δὲ
190 2301 457 2389 ααταπροῶμεθα
485 2297 547 2386 τὴν
575 2304 622 2378 είς
648 2297 727 2379 τοὺς
750 2297 858 2380 ’θεοὺς
880 2297 1073 2387 εὐλάβειαν.
1120 2312 1151 2376 εί
1161 2327 1181 2368 η

85 2433 112 2473 ιε
126 2411 228 2474 ταῦτα
255 2411 430 2492 πυθοίμην
452 2394 519 2489 έγῶ
543 2423 579 2472 σε
602 2404 804 2492 πράττοντα,
836 2405 956 2493 μεστὸς
978 2407 1149 2499 εύφροού

52 2559 55 2564 -
125 2537 187 2599 νης
209 2516 336 2598 ἔσομαι.

86 2633 106 2688 c
218 2616 304 2696 Τοὺς
330 2615 497 2705 ἡγεμόνας
524 2615 675 2709 ὀλιγάκις
701 2618 755 2686 ἐπὶ
781 2622 840 2705 τῆς
862 2623 969 2699 οίιιίας
994 2619 1076 2709 ὅρα,
1109 2625 1148 2694 τὰ

124 2732 259 2793 πλεῖστα
283 2721 320 2790 δὲ
344 2720 458 2802 αὐτοῖς
475 2724 651 2792 ἐπίστελλε.
679 2727 822 2792 εἰσιοῦσι
841 2724 879 2791 δὲ
897 2730 944 2804 εἰς
961 2725 1027 2815 τὴν
1045 2730 1147 2800 πόλιν

123 2831 300 2901 ύπαντύτω
333 2831 450 2917 μηδεὶς
480 2826 595 2908 αὐτοῖς
626 2830 758 2917 ίερέων,
795 2827 881 2916 ἀλλ’,
914 2830 999 2901 ὅταν
1030 2840 1080 2916 είς
1107 2835 1178 2904 τὰιι

125 2936 197 3027 ίερδι
217 2940 358 3024 φοιτῶσι
376 2940 444 3004 τῶν
462 2938 565 3020 θεῶν,
589 2944 667 3003 εἴσω
686 2939 754 3004 τῶν
772 2936 968 3026 προθύρων.
992 2938 1144 3027 ἡγείσθω

192 3103 268 3151 2-3
297 3099 390 3149 Verba
409 3093 459 3148 καὶ
483 3088 805 3167 ἕξακιομνρίουςεείς
829 3089 897 3158 τούς
920 3095 1052 3166 πένητας
1076 3101 1144 3162 τούς

123 3166 207 3232 vulgo
230 3167 330 3218 omissa
347 3165 448 3245 Ηεμὶοι
470 3182 485 3216 ε
504 3165 654 3229 quomeno
677 3165 794 3231 inseruit
874 3168 891 3216 6
909 3173 937 3217 et
955 3170 970 3219 7
1002 3164 1145 3235 τρέφυοσί

123 3249 154 3316 τέ
173 3235 200 3284 Η
233 3231 337 3319 7.τοῖςὴ
355 3249 425 3292 τους
442 3239 523 3284 mart.
545 3232 641 3298 spanh.
695 3235 727 3282 12
746 3239 774 3284 et
793 3236 824 3284 13
842 3231 1058 3318 nqoos'mggffl
1075 3254 1142 3303 προ·

125 3301 205 3366 εθιζε
276 3303 309 3352 14
335 3298 460 3381 Ομηρος]
484 3302 582 3365 Odyss.
600 3297 631 3381 ξ,
650 3301 683 3352 66
703 3307 731 3352 et
750 3300 778 3364 ζ,
798 3303 848 3353 207
918 3304 950 3353 16
968 3303 1027 3354 ουδ
1056 3305 1139 3381 Ητοῖγ.

124 3386 158 3420 ex
176 3360 309 3436 Homero]
329 3362 391 3422 εντ’
446 3372 496 3449 ,18
515 3362 554 3436 μὴ
573 3366 611 3434 δη
631 3365 767 3437 Valesius]
787 3362 862 3434 μηδὲ
932 3372 964 3421 19
983 3387 1140 3438 καταισγν·

123 3453 218 3502 νωμεν
240 3433 280 3502 Η]
311 3441 556 3504 ααταίογυνοιμεν
644 3439 678 3487 20
703 3429 940 3502 καταπροῶμεθα
967 3445 1051 3491 mart.
1074 3436 1138 3504 pem]
1182 3466 1187 3476 ·

121 3495 378 3572 καταπροδῶμεθα
1064 3523 1068 3528 ·
