2416 3864
464 151 604 206 οκενιο
623 153 683 204 v11.
1011 153 1075 219 293

56 283 121 372 τήν
144 285 251 350 Λαίδα
271 276 351 350 οῦδὲ
369 278 431 369 τήν
448 282 549 349 τοῦδε
571 279 800 371 περιβλέπεται
828 307 973 369 γαμετήν
992 278 1110 351 οῦδέΒ

57 389 96 460 τὸ
129 388 317 478 θυγάτριον
354 384 434 456 οὐδὲ
470 383 532 474 τήν
567 386 798 477 θεράπαιναν·
836 383 908 455 ἀλλ’
944 383 989 469 ῦς
1025 394 1076 456 ἔνι

58 496 200 586 μάλιστα
229 496 264 563 ἐκ
291 496 360 562 τῶν
386 488 645 583 προστυχόντων
664 490 858 581 άποπλήσας
884 490 946 581 τήν
973 504 1075 583 θερα-

59 608 157 672 πείαν
185 603 247 669 τοῦ
274 599 426 688 σώματος
452 600 508 668 καὶ
531 597 568 667 τὸ
589 601 751 687 ἐνοχλοῦν
768 601 802 680 ἐξ
830 596 936 667 αὐτοῦ
964 625 1075 687 παρω-

30 709 216 795 5σάμενος,
234 703 380 775 άνωθεν
399 708 435 774 ἐκ
452 708 512 794 τής
536 701 707 793 Ὀλύμπου
730 708 883 794 κορυφῆς
910 707 1076 793 ἐπιβλέπει

59 813 139 895 τοῦς
166 810 290 893 ἄλλους
452 816 455 821 ‘

134 934 232 1024 ’Ἄτης
258 938 297 1004 ἐν
324 938 459 1024 λειμῶνι
486 932 570 1003 κατὰ
598 933 718 1003 σκότον
745 932 964 1022 ήλάσκοντας,

60 1058 145 1154 ὑπὲρ
183 1056 307 1146 ὀλίγων
342 1057 552 1128 παντάπασιν
588 1055 807 1128 ἀπολαύσεων
848 1054 1076 1147 ὑπομένοντας

61 1165 125 1237 ὅσα
168 1163 249 1235 οὐδὲ
285 1164 375 1256 παρὰ
410 1164 471 1234 τὸν
507 1163 672 1235 Κωκυτόν
712 1166 767 1234 καὶ
807 1163 868 1235 τὸν
902 1163 1076 1257 Ἀχέροντα

19 1302 45 1342 10
59 1274 251 1364 θρυλοῦσιν
279 1276 314 1340 οί
339 1271 539 1362 κομψότεροι
565 1274 633 1340 νῦν
660 1275 817 1359 ποιητῶν.
863 1267 883 1362 ή
912 1273 1077 1361 σύντομος

61 1377 142 1460 ὁδός
174 1382 265 1447 ἐστιν
296 1375 391 1466 αῦτη.
437 1383 491 1446 δεῖ
520 1377 583 1467 γάρ
616 1373 721 1447 αὐτὸν
753 1375 888 1467 ἀθρόως
921 1381 1116 1467 ἐκστήναιῦ

61 1488 186 1559 ἑαυτοῦ
217 1485 273 1553 καί
305 1487 447 1571 γνῶναι,
480 1481 532 1552 ότι
563 1485 657 1566 θεῖός
690 1487 773 1572 ἐστι,
805 1485 861 1552 καὶ
892 1485 953 1553 τὸν
990 1489 1077 1554 νοῦν

60 1592 123 1682 μὲν
150 1589 211 1661 τόν
239 1592 361 1660 ἑαυτοῦ
389 1587 538 1679 άτρύτως
565 1591 620 1660 καί
648 1587 893 1679 άμετακινήτως
921 1593 1076 1679 συνέχειν

61 1701 99 1767 ἐν
126 1693 198 1778 τοῖς
224 1703 333 1777 θείοις
359 1697 415 1765 καὶ
443 1695 618 1786 άχράντοις
635 1699 691 1765 καὶ
709 1706 874 1785 καθαροῖς
900 1697 1076 1786 νοήμασιν,

19 1831 46 1872 15
63 1801 240 1894 ὀλιγωρεῖν
267 1803 304 1871 δὲ
331 1802 440 1890 πάντη
467 1806 530 1871 τοῦ
557 1803 708 1891 σώματος
734 1803 791 1871 καὶ
819 1808 964 1889 νομίζειν
994 1799 1076 1872 αύτὸ

62 1907 147 1979 κατὰ
173 1907 234 1978 τὸν
257 1905 472 1999 Ἡράκλειτον
499 1915 648 1999 κοπρίων
676 1907 924 1998 ἐκβλητότερον,
952 1911 988 1976 ἐκ
1015 1912 1077 1977 τοῦ

62 2015 189 2107 ῥᾴστου
217 2014 255 2084 δὲ
282 2011 373 2108 αὐτῷ
400 2013 458 2096 τάς
484 2021 665 2102 θεραπείας
688 2011 917 2103 ἀποπληροῦν,
945 2015 1008 2094 ἕως
1035 2010 1077 2082 άν

63 2119 80 2191 ὁ
109 2120 191 2203 θεὸς
219 2118 328 2210 ὥσπερ
357 2118 490 2213 ὀργάνῳ
518 2124 564 2213 τῷ
592 2121 718 2208 σάματι
742 2122 894 2211 χρῆσθαι»
916 2119 1077 2209 ἐπιτάττῃ.

147 2230 259 2296 Ταῦτα
287 2227 348 2315 μὲν
376 2219 439 2296 οὖν
467 2280 713 2295 ..........
738 2224 908 2307 Ἐπανάξω
937 2225 974 2296 δὲ
994 2223 1077 2295 ὅθεν

18 2361 46 2401 ιο
62 2336 189 2422 ἐξέβην.
226 2331 339 2420 ἐπειδὴ
358 2329 424 2422 γὰρ
450 2330 530 2414 τοῦς
556 2333 690 2420 μύθους
716 2333 874 2423 προσήκει
901 2331 985 2422 πρὸς
1003 2347 1078 2402 παῖ-

11 2510 16 2520 ,
62 2445 125 2521 δας
152 2437 226 2526 ήτοι
252 2441 298 2530 τῷ
327 2454 483 2527 φρονεῖν,
511 2434 575 2507 κᾶν
602 2437 724 2529 ἄνδρες
751 2430 849 2526 ὦσιν,
877 2434 898 2527 ἢ
926 2441 982 2508 καὶ
1009 2453 1121 2521 τοῖςθ

60 2543 144 2616 καθ’
174 2541 307 2632 ἡλικίαν
324 2550 516 2635 παιδαρίοις
534 2541 762 2632 ἀπαγγέλλειν,
782 2548 971 2627 ἐξεταστέον
990 2543 1079 2626 ὅπως

131 2714 146 2763 7
167 2711 290 2777 „Versus
308 2716 352 2762 est
369 2710 568 2777 Empedocleus
586 2712 661 2778 apud
673 2712 852 2763 Karstenium
870 2729 897 2778 p.
906 2712 970 2766 88.“
990 2713 1058 2766 cob,
1119 2733 1120 2736 ¹

61 2772 243 2845 ήλάσκοντας
266 2776 333 2845 ρετ]
363 2773 540 2844 ήλάσκονται
563 2779 588 2829 V
610 2779 707 2845 spanh.
794 2781 810 2830 8
832 2774 1018 2841 παντάπασιν
1039 2781 1064 2831 V

61 2838 233 2898 παντάπασι
304 2849 335 2897 10
353 2845 514 2912 θρυλοῦσιν
532 2844 570 2913 Η]
589 2845 766 2911 θρυλλοῦσιν
838 2850 869 2898 13
887 2839 1010 2913 άτρυτον
1027 2845 1078 2898 κοιλ

62 2910 277 2980 ἀμετακίνητον
303 2918 358 2980 pet.
446 2916 478 2964 14
501 2907 644 2982 νοήμασιν
662 2911 696 2980 V]
721 2907 846 2980 νοήμασι
934 2917 966 2966 16
989 2908 1077 2966 αὐτόν

62 2990 117 3048 pet.
189 2984 221 3032 16
243 2979 370 3047 κοπρίων
394 2980 494 3032 Suidas
516 2997 542 3031 v.
574 2973 771 3048 Ἡράκλειτος,
795 2975 843 3033 ubi
864 2980 911 3030 hic
934 2981 1011 3032 loeus
1036 2981 1078 3032 af-

62 3051 152 3102 fertur
171 3050 206 3099 ab
225 3041 375 3115 ὀλιγωρεῖν
393 3042 468 3100 ττάντ
508 3049 543 3099 ad
561 3040 706 3116 ἐπιτάττῃ]
725 3064 844 3101 κοπ....
867 3049 904 3113 V,
927 3049 956 3098 in
974 3053 1030 3114 pet.
1050 3054 1079 3100 et

61 3117 160 3184 spanh.
173 3120 217 3168 est
229 3116 346 3167 lacunae
360 3067 488 3196 ρὶςυοτοή
503 3109 706 3201 ἒκβλήτόιερον
717 3116 783 3196 Vet
795 3112 882 3195 θεία]
903 3153 908 3166 .
920 3154 925 3166 .
937 3131 1048 3184 ..τερον
1061 3133 1079 3168 v

62 3189 96 3237 17.
120 3177 205 3250 αύτῷ,
219 3181 308 3250 snid]
335 3200 426 3235 αυτου
513 3186 543 3235 17
557 3191 585 3236 et
598 3187 630 3236 18
653 3201 705 3244 εως
729 3175 799 3235 ανό
823 3184 895 3242 θεος
914 3182 1003 3249 Suid.]
1026 3177 1078 3243 ἕως

62 3241 99 3304 ῦν
222 3251 256 3316 V,
281 3266 397 3318 ..μοςτ
476 3254 506 3303 18
524 3241 618 3318 ὥσπερ
637 3269 689 3304 om.
709 3247 786 3303 Suid.
865 3253 897 3301 19
915 3249 1006 3304 ταῦτα
1024 3250 1078 3319 μὲν

63 3308 117 3372 οῦν
136 3317 268 3384 τοιαῦτα,
289 3319 361 3383 quod
381 3321 551 3384 suspicabar,
570 3335 622 3370 non
643 3321 713 3371 satis
731 3320 827 3384 explet
844 3318 972 3370 lacunam
1005 3320 1010 3380 Ι
1043 3314 1077 3371 δὲ

62 3387 127 3440 add.
146 3387 172 3438 V
258 3387 375 3437 20et21
395 3378 730 3453 πρόςπαῖιλαςήτοιλί]
753 3379 825 3454 πρός
923 3386 967 3438 cf.
992 3387 1077 3438 223A

62 3459 91 3532 gt
108 3455 183 3572 Ἠοῖ.
203 3454 286 3520 Gorg.
303 3453 391 3504 4641)
477 3457 509 3505 21
537 3442 606 3506 ὦσιν
629 3451 664 3526 V]
692 3441 743 3506 ὦσι
828 3457 861 3506 22
888 3443 975 3520 ὅπως]
1002 3443 1077 3514 ὅπως

60 3540 99 3575 αν
