2416 3864
372 192 374 195 .
465 128 686 213 01zss10v11.⁸
1011 128 1073 192 277

57 259 117 345 τῆς
146 251 241 337 ὁσίας
265 256 352 325 είσίν
380 252 540 344 άντάξιαι,
568 253 611 344 ἣν
638 258 694 326 καί
723 252 741 324 ὁ
770 255 944 344 δαιμόνιος
971 253 1073 344 Εὐρι-

20 368 24 374 ’
57 368 158 450 πίδης
186 359 299 451 ὀρθῶς
326 359 476 449 ὐμνησεν
504 360 607 432 είπάν

136 481 232 554 Ὀσία
258 486 367 556 πότνα
393 488 501 575 θεῶν,
530 483 643 574 ὁσία;4

59 607 79 698 ἢ
108 609 208 679 τοῦτό
238 631 274 679 σε
301 613 459 698 λέληθεν,
488 608 538 679 ὅτι
565 610 690 698 πάντα,
717 613 773 680 καὶ
799 610 839 679 τὰ
868 609 992 698 μεγάλα
1020 612 1076 678 καὶ

30 715 130 806 5(τδ)
160 716 293 807 σμικρά,
321 717 402 805 μετὰ
428 720 487 805 τῆς
514 712 609 798 ὁσίας
631 733 701 799 τοῖς
720 729 814 799 θεοῖς
840 717 1076 806 προσαγόμενα

57 822 121 910 την
149 831 228 911 ίσην
256 829 321 912 ἔχει
348 824 504 912 δύναμιν,
532 826 731 914 ἐστερημένη
755 823 793 892 δὲ
811 826 869 912 τῆς
897 819 991 904 ὁσίας
1010 820 1129 911 οὐχσ14

61 930 228 1018 ἑκατόμβη
247 928 293 1019 μά
311 928 425 1018 θεούς,
453 928 536 999 άλλδι
560 926 580 1018 ἡ
599 934 657 1019 της
682 929 905 1018 Ὀλυμπιάδος
923 929 1075 1017 χιλιόμβη

59 1033 219 1124 ἀνάλωμα
252 1036 359 1125 μόνον
391 1040 497 1124 ε’στίυ,
530 1034 610 1106 άλλο
637 1030 686 1106 ᾗδὲ
719 1034 836 1120 οὐδέν;
870 1034 950 1124 ὅπερ
985 1033 1077 1123 οἶμαι

59 1143 259 1231 γιγνώσκων
292 1139 309 1212 ὁ
338 1142 471 1234 Κράτης
504 1139 604 1226 αὐτός
635 1171 670 1213 τε
687 1141 760 1233 διά
785 1143 890 1231 μόνης
921 1135 962 1231 ἧς
989 1140 1077 1230 εἶχεν

19 1283 46 1322 10
60 1246 158 1331 ὁσίας
189 1248 269 1331 τοὺς
295 1249 399 1332 θεοὺς
427 1252 520 1337 ἐτίμα
553 1249 619 1319 σὺν
647 1247 797 1342 εὐφημίᾳ
828 1251 885 1318 καὶ
913 1246 992 1329 τούς
1021 1246 1077 1316 άλ-

60 1365 142 1438 λους
175 1358 330 1425 ἐδίδασκε
362 1355 406 1444 μὴ
439 1356 479 1425 τά
512 1357 732 1446 δαπανήματα
763 1359 822 1445 της
854 1352 963 1443 ὁσίας,
995 1351 1079 1423 άλλὸι

61 1461 123 1550 τὴν
152 1459 253 1531 ὁσίαν
281 1465 418 1532 ἐκείνων
436 1466 601 1551 προτιμᾶν
626 1467 662 1533 ἐν
680 1478 752 1545 ταῖς
780 1459 969 1550 ἁγιστείαις.
1011 1489 1078 1530 τοι·

62 1569 150 1638 οὐτω
184 1568 222 1637 δὲ
253 1567 298 1638 τά
336 1564 439 1660 άνδρε
476 1569 562 1639 τάδε
598 1572 767 1658 γενομένω
804 1568 844 1637 τὰ
880 1568 964 1658 πρὸς
1000 1567 1079 1648 τοὺς
1138 1596 1139 1599 ’

61 1673 166 1757 θεοὺς
186 1672 257 1745 ὀὐκ
285 1673 489 1764 άκροατήρια
517 1690 771 1766 συνεκροτεῖτον
800 1672 875 1744 οὐδ’
908 1672 1017 1763 ὥσπερ
1046 1677 1081 1742 οί

20 1813 47 1854 15
62 1784 165 1870 σοφοί
198 1779 243 1850 δι’
279 1782 421 1852 εἰκόνων
452 1784 509 1851 καὶ
540 1782 663 1870 μόθων
700 1796 770 1863 τοῖς
803 1787 914 1868 φίλοις
947 1786 1079 1865 συνεγί-

63 1898 224 1975 γνεσθον·
254 1890 381 1975 λέγεται
409 1886 475 1978 γάρ
502 1884 559 1957 ὑπ’
590 1885 782 1977 Εὐριπίδου
808 1890 918 1968 καλῶς
1096 1897 1118 1949 Β

141 2008 281 2095 Ἀπλούς
309 2009 326 2082 ὁ
356 2016 466 2101 μῦθος
493 2016 552 2101 τῆς
579 2009 740 2099 άληθείας
768 2017 847 2098 ἔφυ·

63 2142 289 2226 σκιαγραφίας
321 2138 386 2227 γάρ
419 2157 503 2226 φησι
533 2135 594 2206 τὸν
626 2138 735 2223 ψευδῆ
768 2136 824 2203 καὶ
857 2131 976 2202 άδικον
1014 2137 1080 2200 δεῖ·
1145 2144 1146 2147 ’

63 2254 155 2312 σθαι.
200 2249 267 2324 τίςΙ
283 2235 346 2312 οὐν
374 2239 392 2312 ὁ
420 2243 542 2335 τρόπος
569 2240 684 2336 αὐτοῖς
715 2245 773 2330 τῆς
801 2245 986 2321 συνουσίας
1014 2241 1080 2325 ἐγί-

23 2379 50 2420 20
64 2377 156 2432 νετο;
185 2351 253 2417 τῶν
281 2350 392 2437 λόγων
418 2345 530 2437 ἡγεῖτο
558 2348 598 2418 τά
618 2355 709 2438 ἔργα,
735 2349 847 2417 καλοί
872 2345 934 2434 την
960 2351 1080 2415 πενίαν

64 2458 224 2544 τιμῶντες
252 2452 350 2524 αὐτοὶ
377 2459 502 2544 πρῶτοι
530 2458 709 2544 ἐφαίνοντο
738 2455 794 2524 καὶ
821 2457 889 2524 τῶν
916 2452 1081 2545 πατρῴων

64 2561 244 2651 χρημάτων
271 2559 495 2652 ὑπεριδόντες,
525 2566 560 2630 οί
585 2559 647 2649 τὴν
675 2558 823 2650 ἀτυφίαν
851 2557 1080 2648 άσπασάμενοι

65 2817 144 2881 Oob„
163 2823 194 2868 ut
211 2820 262 2870 304
275 2817 310 2880 A,
333 2816 424 2869 πᾶσαι
443 2835 469 2881 v,
489 2834 542 2883 quo
560 2823 671 2870 servato
689 2819 752 2869 Pet.
776 2808 829 2869 οὐκ
859 2821 923 2868 ante
942 2811 1015 2868 εἰσὶν
1033 2814 1081 2865 ad-

62 2885 141 2949 jecit.
176 2886 221 2936 Ita
250 2886 349 2936 similis
380 2886 491 2936 exsistit
520 2888 610 2937 oratio
638 2886 677 2949 si,
706 2899 775 2950 quae
800 2884 869 2936 slA
895 2884 997 2949 legitur
1066 2884 1081 2931 1

65 2945 243 3020 Εὐριπίδης]
264 2953 363 3004 Bacch.
384 2955 434 3004 370
520 2958 535 3005 3
557 2945 650 3005 πότνα
669 2954 736 3006 Rsk.
756 2969 790 3002 ex
808 2948 952 3016 Euripide]
975 2941 1081 3000 πότνια

64 3016 134 3073 ὂτά
154 3016 259 3087 σμικρά
278 3018 356 3086 Rsk.]
377 3014 481 3087 σμικρά
515 3019 519 3084 Ι
550 3017 647 3087 θεοῖς]
673 3015 840 3085 ἀνθρώποις
858 3019 892 3083 V,
919 3017 967 3068 sed
985 3017 1082 3067 eadem

64 3104 161 3142 manus
192 3103 278 3154 supra
307 3090 420 3154 scripsit
450 3089 535 3148 θεοῖς
621 3091 637 3139 7
660 3081 700 3152 μά
723 3085 760 3153 Η]
784 3077 819 3150 νὴ
906 3077 1023 3155 8ξστλν
1045 3081 1080 3148 V]

64 3150 125 3209 ἐστὶ
211 3159 227 3206 9
250 3148 415 3223 γιγνάοκιιν
433 3153 471 3221 Η]
497 3154 643 3208 διδάσκων
730 3158 761 3205 12
786 3149 944 3220 ἁγιστείαις
965 3149 995 3217 V]
1020 3144 1082 3218 άγι-

64 3224 190 3283 στείαις,
244 3226 277 3274 14
301 3227 518 3291 συνεκροτεῖτον
540 3221 851 3289 Βελτλσυνεκροτεῖτο.
888 3221 941 3271 Sed
964 3218 1082 3270 etmihi

64 3298 91 3342 et
116 3292 222 3343 Cobeto
245 3293 392 3357 scripsisse
420 3292 530 3342 videtur
553 3291 677 3344 Iulianus
703 3287 923 3355 συνεκροτείτην
948 3294 976 3340 et
1003 3301 1082 3338 συνε-

64 3354 226 3426 γιγνίσθην
297 3362 328 3409 16
354 3348 527 3426 Εὐριπίδου]
552 3359 656 3412 Phoen.
675 3360 725 3408 472
796 3360 827 3408 19
851 3348 964 3421 αὐτοῖς]
990 3347 1082 3419 αὐτῆς

64 3432 121 3493 pet.
184 3430 234 3544 H21
259 3425 367 3492 πρῶτον
385 3427 452 3480 sak,
476 3433 504 3478 et
527 3424 606 3492 Cob.]
634 3424 748 3493 πρῶτον
779 3425 784 3491 Ι
816 3417 984 3491 ἐφαίνοντο]
1012 3420 1082 3489 φαί-

65 3511 167 3547 νονται
