2416 3864
138 145 202 208 292
434 147 577 199 mmm
600 147 851 199 IMPERATORIS

99 273 242 363 ῠμότης
268 274 324 344 καὶ
351 273 460 343 πάντα
488 269 600 355 άπλως
626 271 839 342 τὰτοιαῦτα.
884 271 946 360 τὴν
974 266 1155 362 σύντομον,

140 386 261 468 φασίν,
299 376 383 449 ὁδὸν
419 381 475 448 καὶ
508 379 675 449 σύντονον
707 381 761 448 ἐπὶ
797 377 860 466 τὴν
892 375 1013 470 ἀρετὴν
1041 433 1155 450 .....

141 485 266 573 ὄφελον
293 487 348 555 καὶ
376 482 471 574 ὑμεῖς
502 484 565 573 τὴν
592 484 723 576 μακράν
751 484 964 573 ἐπορεύεσθε·
998 487 1086 577 ῥᾷον
1113 484 1155 555 άν

387 588 396 613 V
923 588 931 614 ἲ
1008 603 1012 607 ·
1108 590 1124 613 Η

140 699 284 786 μεγάλας
311 705 446 787 έχονσιν
474 702 512 782 αλ
537 697 698 786 σύννομοι
721 696 779 779 τὰς
806 697 1041 788 χαλεπότητας;
1072 698 1178 788 (καλ)ι

141 802 251 893 ὥσπερ
281 807 318 873 ἐν
336 819 408 886 ταῖς
436 805 620 893 λεωφόροις
640 800 657 873 ὁ
678 804 739 893 μὲν
765 801 827 891 τὴν
850 803 1015 891 σύντομεν
1043 807 1155 874 ἐλθεῖν

142 912 304 999 δυνηθεὶς
336 914 420 1002 ρᾷον
448 914 624 1001 ἐκπερίεισι
650 909 713 999 τὴν
744 909 871 1001 κύκλφ,
905 906 1016 979 οὐκέτι
1042 912 1155 998 μέντοι

140 1015 177 1086 τὸ
211 1014 378 1108 άνάπαλιν
412 1013 429 1087 ὁ
464 1017 574 1109 κύκλω
607 1017 787 1106 πορευθεὶς
819 1021 914 1084 ἔλθοι
946 1011 990 1084 άν
1022 1017 1155 1099 πάντως

97 1125 197 1211 Βκαὶ
224 1122 285 1212 τὴν
315 1129 483 1211 ἐπίτομον,
510 1121 599 1192 οὕτω
628 1122 739 1191 δὲκαὶ
759 1125 796 1191 ἐν
824 1124 863 1210 τῇ
892 1129 1080 1215 φιλοσοφίᾳ
1106 1126 1154 1192 τέ-

140 1239 197 1310 λος
228 1231 266 1299 τέ
295 1232 372 1297 ἐστι
400 1229 456 1297 καὶ
493 1225 576 1318 άρχὴ
612 1234 671 1316 μία
708 1231 839 1315 γνῶναί
871 1255 907 1297 τε
943 1226 1066 1298 ἑαυτὸν
1101 1230 1155 1298 καὶ
1168 1250 1187 1290 10

141 1333 402 1423 άφομοιωθῆναι
429 1348 499 1415 τοῖς
515 1344 622 1415 θεοῖς·
651 1331 733 1424 άρχὴ
762 1333 823 1422 μέν
847 1324 911 1403 οὖν
929 1333 1051 1403 ἑαυτὸν
1070 1339 1154 1421 γνῶ-

140 1467 213 1527 ναι,
240 1441 334 1521 τέλος
361 1440 398 1508 δέ
416 1436 437 1529 ἡ
456 1438 539 1531 πρὸς
557 1439 635 1522 τοὺς
653 1447 842 1531 κρείττονας
862 1435 1027 1529 ὁμοιότης.
1065 1439 1155 1522 ὅστις

142 1538 205 1615 οὖν
241 1544 389 1628 Κυνικὸς
425 1544 513 1615 εἶναι
549 1548 671 1634 ἐθέλει,
707 1547 844 1616 πάντων
880 1542 1052 1637 ὑπεριδὼν
1090 1551 1155 1616 τῶν

141 1651 355 1740 νομισμάτων
382 1654 437 1722 καὶ
465 1656 533 1722 τῶν
560 1650 789 1743 ἀνθρωπίνων
812 1653 932 1736 δοξῶν,
960 1657 1008 1734 είς
1035 1652 1156 1724 ἑαυτὸν

141 1760 197 1828 καὶ
224 1756 285 1827 τὸν
311 1758 396 1828 θεὸν
423 1761 641 1849 έπέστραπται
658 1759 831 1849 πρότερον.
868 1762 983 1851 ἐκείνω
1011 1757 1049 1828 τὸ
1078 1788 1155 1849 χρυ·
1166 1778 1186 1819 1⁵

142 1870 219 1934 σίον
252 1861 314 1934 οὐκ
347 1872 415 1934 ἔστι
447 1872 603 1956 χρυσίον,
638 1862 700 1953 ούχ
732 1861 753 1953 ἡ
781 1864 915 1953 ψάμμος
946 1864 1096 1953 ψάμμος,
1129 1870 1157 1934 εί

141 1969 225 2062 πρὸς
253 1969 397 2061 ἀμοιβήν
428 2000 477 2054 τις
509 1969 595 2040 αὐτά
627 1971 767 2054 ἐξετάζοι
794 1972 850 2040 καὶ
882 1974 941 2060 τῆς
974 1968 1069 2054 άξίας
1097 1968 1155 2040 κύ-

90 2081 214 2147 νκοτῶν
238 2079 442 2166 ἐπιτρέψειεν
461 2075 551 2169 αὐτῷ
570 2081 688 2171 τιμητῇ
705 2079 878 2165 γενέσθαι·
905 2079 972 2165 γῆν
989 2077 1054 2167 γάρ
1073 2074 1156 2153 αι’πὰ

143 2182 237 2253 οἶδεν
274 2181 453 2273 ἀμφότερα.
504 2182 541 2252 τὸ
575 2183 803 2273 σπανιάτερον
840 2184 877 2252 δέ
909 2185 965 2255 καί
997 2183 1035 2253 τὸ
1075 2188 1157 2275 ῥᾷον

143 2288 335 2379 ἀνθρώπων
363 2288 449 2361 εἶναι
476 2290 668 2371 κενοδοξίας
684 2293 789 2359 ταῦτα
812 2292 868 2359 καὶ
887 2287 1035 2377 άμαθίας
1062 2289 1186 2359 νενό-νλ

143 2422 237 2482 μικεν
266 2401 359 2484 ἔργα·
391 2393 428 2464 τὸ
458 2394 597 2485 αἰσχρὸν
625 2393 645 2485 ἢ
678 2395 782 2466 καλὸν
814 2393 877 2474 οὐκ
905 2399 942 2465 έν
968 2411 1039 2478 τοῖς
1067 2400 1156 2466 ἐπαι-

144 2498 321 2589 νουμένοις
352 2497 373 2589 ἢ
400 2503 598 2590 ψεγομένοις
628 2510 773 2586 τίθεται,
805 2499 877 2571 ἄλλ’
908 2505 945 2571 ἐν
971 2506 1011 2591 τῇ
1044 2503 1157 2591 φύσει·

144 2607 262 2694 φεύγει
298 2605 357 2688 τάς
391 2607 543 2697 περιττάς
577 2609 722 2698 τροφάς·
765 2605 1007 2698 ἀποστρέφεται
1045 2609 1083 2679 δὲ
1119 2605 1158 2677 τά

144 2711 336 2804 ἀφροδίσια,
387 2716 586 2803 βιαζομένου
602 2779 605 2783 .
619 2715 655 2783 δὲ
691 2718 752 2784 τοῦ
789 2714 960 2802 σώματος,
998 2711 1040 2783 οὐ
1078 2715 1158 2803 δόξῃ

143 2819 364 2910 προστέτηκεν
402 2818 482 2890 οὐδὲ
523 2824 690 2911 περιμένει
725 2819 785 2889 τὸν
821 2821 981 2911 μάγειρον
1021 2823 1078 2889 καὶ
1119 2818 1187 2889 τάψ

144 2923 375 3018 ύποτρίμματα
402 2929 458 2995 καὶ
476 2925 538 3014 τὴν
557 2935 710 3013 κνίσσαν,
739 2924 819 2995 οὐδὲ
836 2925 899 3015 τὴν
919 2927 1060 3016 Φρύνην
1080 2925 1158 2996 οὐδὲ

94 3156 96 3159 ,
161 3124 163 3126 ·
213 3114 227 3161 1
251 3148 342 3163 ......
365 3104 463 3168 ἁπλῶςΙ
483 3113 592 3176 Vpet.¹
614 3111 728 3192 spanh„
753 3108 803 3161 καὶ
821 3103 916 3161 πάντα
935 3102 1033 3170 άπλῶς
1051 3112 1158 3162 Horke-

144 3179 199 3228 lius
269 3182 285 3229 2
315 3177 405 3243 φασίν
431 3176 472 3244 Η]
503 3177 592 3257 φησίν
624 3178 629 3243 Ι
661 3171 767 3242 αἱρετὴν
793 3215 868 3230 .....
900 3179 925 3228 V
951 3183 1022 3243 pet„
1053 3171 1159 3245 ἀρετὴν

147 3243 285 3298 εἰσιοῦσιν
312 3247 409 3332 spanh.
445 3243 558 3312 Πορενό
582 3247 640 3298 εθοι
662 3246 706 3296 vel
727 3245 783 3297 tale
807 3246 872 3332 quid
900 3247 1012 3312 scripsit
1034 3246 1158 3297 Iulianus
1184 3291 1186 3295 .

145 3309 299 3400 ὃέχονοιν
317 3309 402 3378 otV
421 3309 543 3394 ἔχοντι
537 3262 579 3366 a?
584 3320 654 3380 pet
678 3309 830 3380 ἔχοντι
796 3332 826 3366 αι
851 3315 912 3364 Pet.
932 3314 1032 3396 ερεολι
1102 3316 1159 3364 δελ

145 3380 233 3432 6κοιι
260 3397 353 3462 ωσπερ
379 3379 476 3447 H]..
487 3353 725 3462 ωσπερέμ
736 3397 822 3448 ,περ
846 3388 915 3448 pet„
948 3396 1040 3464 ωσπερ
1062 3381 1158 3448 οροιιλι.
1203 3395 1204 3398 ’

146 3439 211 3498 10
196 3446 302 3502 εαντὸν
320 3445 391 3514 Pon]
411 3443 532 3506 σεαντὸν
603 3453 633 3501 19
653 3443 726 3521 ρᾴον
744 3450 779 3513 H,
796 3451 938 3515 μαναοίἱίιιο
956 3452 1070 3515 interpr.
1084 3448 1157 3514 Fen]

99 3507 248 3580 ράὸιον
317 3519 350 3568 24
368 3513 413 3582 δέ]
432 3521 487 3570 ve?
