2446 3870
145 159 206 222 182
445 160 589 212 IULIANI
609 160 856 212 IMPERATORIS

143 315 204 356 του
231 287 473 378 καθαρότητος,
500 286 562 375 την
589 314 624 355 τε
652 289 689 354 ἐν
716 289 762 379 τῷ
790 286 903 378 κόσμῳ
931 288 1006 376 περὶ
1033 285 1071 356 τὸ
1100 288 1160 357 κύ-

143 402 210 485 κλῳ
239 394 429 482 φερόμενον
456 397 551 480 σῶμα
578 392 661 481 πρὸς
679 391 788 461 πάντα
815 390 916 481 ἀμιγῆ
944 391 986 461 τὰ
1014 409 1160 482 στοιχεῖα

143 506 220 568 λίαν
261 501 421 588 εἰλικρινῆ
462 501 518 568 καί
559 496 716 587 καθαρὰν
757 498 863 586 φύσιν
899 495 1066 588 ἀχράντου
1103 503 1160 569 καὶ

144 610 323 694 δαιμονίου
352 605 514 692 σώματος,
543 600 728 694 εὑρήσομεν
746 605 803 673 καί
829 602 892 692 τὴν
910 608 971 674 τοῦ
998 607 1161 692 βασιλέως

139 707 256 781 Ἡλίου
284 709 437 802 λαμπρὰν
464 713 520 780 καί
548 709 715 800 ἀκήρατον
744 707 865 780 οὐσίαν
888 708 1016 798 ἀμφοῖν
1043 713 1188 800 μέσην,5

99 821 201 906 Βτῆς
227 845 262 886 τε
289 820 326 886 έυ
354 833 424 899 τοῖς
454 832 588 906 νοητοῖς
620 814 726 886 ἀύλου
754 816 984 906 καθαρότητος
1016 819 1073 886 καί
1100 822 1160 906 τῆς

144 927 181 992 ἐν
209 939 279 1006 τοῖς
302 930 478 1012 αἰσθητοῖς
496 921 664 1013 ἀχράντου
682 925 737 992 καί
757 920 898 1011 ἀμιγοῦς
914 921 998 1012 πρὸς
1026 921 1157 1010 γένεσιν

143 1031 199 1098 καί
227 1028 366 1120 φθορὰν
393 1035 547 1120 καθαράς
574 1035 793 1119 εἰλικριυείας.
830 1031 986 1116 μέγιστον
1015 1031 1052 1098 δὲ
1079 1030 1156 1099 τού-

143 1164 205 1206 του
233 1138 421 1226 τεκμήριον,
449 1135 500 1205 ὅτι
527 1135 612 1224 μηδὲ
638 1134 676 1204 τὸ
700 1139 782 1222 φῶς,
811 1132 830 1204 δ
858 1134 999 1223 μάλιστα
1027 1139 1159 1205 ἐκεῖθεν

144 1245 196 1311 ἐπὶ
224 1246 290 1328 γῆν
318 1244 468 1331 φέρεται,
501 1248 730 1330 συμμίγνυταί
757 1268 824 1310 τινι
851 1241 934 1330 μηδὲ
962 1239 1159 1330 ἀναδέχεται
1174 1275 1199 1313 ιο

144 1347 254 1435 ῥύπον
287 1350 341 1416 καί
374 1354 516 1436 μίασμα,
548 1349 640 1435 μένει
672 1346 710 1416 δέ
741 1348 874 1429 πάντως
906 1351 943 1416 ἐν
975 1351 1058 1418 πᾶσι
1088 1363 1159 1431 τοῖς

143 1444 242 1522 οὖσιν
271 1451 438 1542 ἀχραντον
470 1456 526 1522 καί
554 1451 745 1541 ἀμόλυντον
772 1456 828 1523 καὶ
861 1451 998 1535 ἀπαθές.
1045 1461 1092 1523 ἔτι
1121 1455 1159 1523 δὲ

143 1562 344 1648 προσεκτέον
371 1575 440 1640 τοῖς
469 1557 584 1641 ἀυλοις
612 1564 714 1629 εἴδεσι
741 1563 798 1630 καί
826 1575 970 1648 νοητοῖς,
999 1558 1159 1630 ἀλλὰκαὶ

142 1680 212 1746 τοῖς
239 1671 423 1754 αἰσθητοῖς,
452 1664 515 1735 ὅσα
543 1669 619 1756 περί
645 1664 708 1755 τὴν
735 1664 820 1754 ὕλην
848 1668 940 1734 ἐστὶν
966 1663 987 1754 ἢ
1015 1668 1090 1756 περὶ
1119 1666 1156 1735 τὸ

142 1768 373 1859 ἀποκείμενον.
410 1770 662 1862 ἀναφανήσεται
690 1773 791 1842 πάλιυ
819 1775 969 1841 ἐνταῦθα
996 1775 1099 1859 μέσον
1117 1771 1156 1841 τὸ
1171 1804 1197 1842 15

91 1896 141 1945 141
150 1876 271 1967 νοερὸν
299 1882 367 1947 τῶν
398 1881 473 1968 πἐρί
504 1878 565 1949 τὸν
592 1881 696 1967 μέγαν
721 1877 839 1948 Ἥλιον
867 1882 983 1965 εἰδῶν,
1016 1874 1078 1965 ὑφ’
1110 1870 1159 1947 οἶν

142 1987 198 2054 καί
235 1983 275 2053 τὰ
308 1988 383 2075 περὶ
419 1986 482 2076 τὴν
513 1984 599 2074 ὕλην
636 1990 708 2072 είδη
746 1993 920 2074 βοηθεῖται
957 1983 1083 2073 μήποτε
1117 1981 1159 2053 ἀν

143 2096 336 2180 δυνηθέντα
365 2093 445 2181 μήτε
464 2092 550 2162 εἶναι
569 2092 648 2181 μήτε
667 2091 833 2174 σώζεσθαι
851 2089 896 2180 μη
915 2088 995 2180 παρ’
1026 2094 1158 2161 ἐκείνου

142 2196 226 2284 πρὸς
253 2197 314 2286 τὴν
342 2197 464 2267 οὐσίαν
492 2198 752 2288 συνεργούμευα.
797 2205 833 2265 τί
856 2197 935 2286 γάρ;
970 2194 1031 2284 οὐχ
1060 2189 1160 2278 οὗτός

143 2305 211 2369 ἐστι
239 2306 297 2389 τῆς
325 2308 522 2391 διακρίσεως
552 2307 623 2372 τῶν
655 2307 756 2373 εἰδῶν
783 2304 839 2372 καί
867 2309 1072 2390 συγκρίσεως
1099 2306 1199 2390 τῆςεο

142 2404 224 2493 ὕλης
257 2417 375 2493 αἰτιος,
409 2406 451 2477 οὐ
483 2424 575 2478 νοεῖν
606 2406 688 2498 ἡμῖν
719 2405 825 2477 αὑτὸν
857 2408 963 2496 μόνον
991 2410 1157 2498 παρέχων,

143 2509 225 2581 ἀλλὰ
253 2515 309 2580 καί
337 2509 422 2603 δρᾶν
450 2512 610 2603 ὅμμασινς
638 2513 658 2602 ἡ
687 2515 751 2605 γάρ
770 2541 822 2584 τοι
849 2518 917 2583 τῶν
946 2511 1092 2583 ἀκτίνων
1111 2520 1158 2596 εἰς

142 2618 250 2686 πάντα
281 2616 341 2687 τὸν
373 2619 500 2707 κόσμον
534 2621 676 2710 διανομὴ
704 2623 761 2690 καί
792 2616 812 2709 ἡ
842 2623 903 2688 τοῦ
935 2623 1047 2707 φωτος
1074 2623 1157 2689 ένω-

101 2739 195 2804 Βσις
222 2723 284 2812 τὴν
311 2725 554 2816 δημιουργικὴν
581 2731 789 2796 ἐνδείκνυται
808 2727 976 2812 διάκρισιν
998 2730 1056 2814 τῆς
1083 2752 1156 2794 ποι-
1206 2778 1210 2783 »

144 2831 258 2921 ήσεως.
672 2901 675 2906 ,
1173 2864 1197 2901 25

222 2940 365 3007 Πολλῶν
393 2938 429 3007 δὲ
458 2935 566 3007 ὅντων
594 2944 641 3007 ἔτι
659 2940 734 3028 περὶ
761 2936 824 3026 τὴν
843 2933 964 3006 οὐσίαν
986 2940 1049 3006 τοῦ
1071 2942 1159 3007 θεοῦ
1198 2975 1201 2979 ·

142 3046 211 3111 τῶν
238 3046 454 3132 φαινομένων
483 3042 638 3131 ἀγαθῶν,
667 3041 688 3113 δί
717 3042 758 3132 δὴ
787 3041 839 3113 δτι
867 3045 966 3131 μέσος
994 3045 1063 3112 ἐστὶ
1089 3047 1159 3112 τῶν

211 3263 227 3311 8
249 3261 385 3324 καθαρᾶς
402 3261 479 3326 libri]
502 3259 552 3312 καὶ
571 3260 707 3326 καθαρᾶς
739 3260 744 3325 Ι
776 3254 881 3313 τούτου
899 3259 1051 3328 VMbEF]
1072 3260 1158 3313 τοῦτο

144 3330 175 3377 10
193 3324 260 3393 γῆν]
280 3327 333 3394 γῆς
350 3329 492 3380 MbEFG
574 3331 605 3380 15
628 3321 830 3396 ὑποκείμενον.
861 3323 1085 3394 ἀναφανήσεται
1104 3320 1159 3379 πά-

144 3394 188 3442 λιν
211 3395 284 3444 inter
306 3412 343 3445 un
364 3399 385 3445 it
407 3397 530 3455 Marcil„
555 3389 750 3464 ἀποκείμενον
771 3387 1004 3477 ἀναφανήσεται.
1032 3388 1123 3448 πάλιν
1141 3412 1159 3446 ιι

142 3461 175 3509 21
195 3411 303 3537 αδηὸνδ
323 3457 398 3513 αυτά
418 3465 477 3518 scil.
500 3460 536 3515 τὰ
556 3463 620 3530 είδη
639 3464 746 3516 Mareil.
818 3468 851 3515 23
869 3480 966 3515 ταντα
984 3461 1020 3529 V]
1041 3454 1159 3543 &navum

137 3528 172 3574 24
190 3525 341 3592 διακριτιν
360 3529 411 3595 τῆς
428 3526 569 3596 ποιήσεως
588 3531 621 3598 V]
640 3529 691 3598 τῆς
703 3524 844 3598 ποιήσεως
857 3528 1003 3597 διάκρισιν
1060 3534 1093 3582 27
1112 3548 1158 3582 οτι
