2446 3870
147 163 210 228 226
449 165 594 217 mmm
611 163 859 219 ιυεεοετοοιε

149 292 284 381 μάταια·
313 293 366 361 ἐπὶ
393 294 480 360 νοῦν
508 290 546 361 δὲ
564 294 689 360 ἔδωκεν
708 288 791 378 αὕτη
820 289 943 377 λόγους
970 290 1065 373 τινάς
1084 301 1165 373 ἴσως

104 395 213 466 Βούκ
240 395 429 488 ἀπᾴδοντας
461 397 569 485 πάντη
596 399 655 484 τῆς
686 392 769 484 ύπδρ
797 400 890 465 θεῶν
917 393 1069 485 ἀληθοῦς
1097 396 1165 486 ἅμα

149 505 205 574 καλ
233 501 377 590 εύαγούς
404 503 589 591 ἐπιστήμης.
636 499 708 571 ἀλλ’
739 509 831 572 ἔοικα
860 502 933 592 γάρ,
962 500 1074 592 ὥσπερ
1102 502 1166 573 οὐκ

43 666 52 679 ,
150 617 235 698 ἔχων
264 607 283 678 δ’
309 636 340 677 τι
368 612 439 696 φά,
467 609 577 700 κύκλφ
604 609 815 699 περιτρέχειν.
862 611 935 696 ἐμοὶ
963 609 1001 678 δὲ
1028 610 1166 697 πάρεστι

150 715 212 804 μὲν
238 717 294 785 καὶ
322 712 402 785 καθ’
433 717 573 784 ἕκαστον
601 714 726 784 ἐπιόντι
760 728 879 801 σαφεῖς
903 717 961 787 καὶ
990 724 1193 804 τηλαυγελςο

152 828 261 902 αίτίας
293 818 499 908 άποδούναι,
534 823 594 890 τοῦ
630 820 729 909 χάριν
764 817 846 908 ἡμῖν
882 818 925 889 ού
959 823 1059 909 θέμις
1096 823 1166 890 ἐστὶ

152 928 405 1018 προσφέρεσθαι
431 930 547 1014 ταῦτα,
576 918 625 995 ὦν
653 923 784 1008 ὁθεϊος
811 935 913 1014 εἴργει
940 928 1081 1015 θεσμός·
1109 929 1166 996 καὶ

152 1033 282 1122 ποιήσοι
315 1059 352 1119 γε
389 1030 471 1101 αὐτὸ
507 1031 629 1123 μικρὸν
660 1030 813 1122 ὕστερον·
851 1030 990 1120 άμεινον
1027 1033 1064 1101 δὲ
1100 1037 1167 1102 νύν

154 1137 265 1227 ὥσπερ
292 1139 418 1220 τύπους
435 1137 530 1220 τινάς
556 1149 735 1226 προθεῖναι
753 1139 809 1207 καλ
836 1139 993 1225 κανόνας,
1021 1133 1071 1219 οἷς
1090 1139 1167 1208 ἑπό-

153 1272 263 1333 μενοι,
294 1242 359 1313 κάν
389 1270 422 1312 τι
453 1243 610 1324 πολλάκις
645 1239 712 1312 ύπὸ
744 1247 802 1333 τῆς
834 1248 984 1332 σπονδῆς
1014 1246 1168 1334 παρέλθῃ
1183 1272 1207 1311 10

103 1351 218 1419 ιεοτὸν
245 1350 359 1434 λόγον,
386 1351 503 1436 ἕξομεν
525 1345 610 1438 ὑπὲρ
637 1349 767 1418 τούτων
785 1364 906 1439 κρίναι.
946 1351 1106 1439 προσήκει
1131 1351 1170 1420 δὲ

153 1458 288 1542 πρῶτον
323 1450 515 1543 ὑπομνῆσαι
552 1454 609 1525 διδι
646 1458 812 1544 βραχέων,
853 1463 929 1525 τίνα
964 1483 1000 1525 τε
1040 1463 1170 1544 έφαμεν

154 1559 245 1631 εἶναι
271 1558 332 1628 τὸν
351 1558 463 1630 ’Ἀττιν
489 1562 545 1630 καλ
573 1566 608 1628 τί
630 1559 693 1649 τὴν
721 1563 873 1650 έκτομήν,
900 1568 992 1643 τίνος
1019 1590 1053 1631 τε
1082 1561 1170 1632 εἶναι

155 1668 308 1756 σύμβολα
343 1666 384 1735 τά
416 1665 496 1755 μετά
533 1665 595 1756 τὴν
626 1665 768 1756 ἐκτομὴν
804 1666 880 1757 άγρι
916 1669 985 1736 τῶν
1017 1664 1169 1758 Ἱλαρίων

155 1773 316 1861 γινόμενα
342 1774 398 1842 καὶ
425 1779 460 1842 τί
483 1774 669 1860 βούλεσθαι
695 1773 757 1862 τὴν
785 1769 933 1860 ἁγνείαν.
975 1770 1078 1862 ὁμὲν
1105 1766 1169 1844 οὖν
1182 1797 1205 1839 ιε

147 1877 256 1961 ’Ἀττις
284 1881 410 1965 ἐλέγετο
439 1884 530 1949 αἰτία
557 1907 607 1960 τις
635 1871 720 1949 οὖσα
748 1882 804 1949 καλ
829 1881 926 1967 θεός,
954 1876 1171 1969 διπροσεχῶς

157 1989 374 2076 δημιουργῶν
399 1983 460 2055 τὸν
488 1986 611 2056 ένυλόν
633 1985 770 2074 κόσμον,
798 1983 836 2067 ὃς
857 1988 951 2075 μέχρι
978 1989 1046 2055 τάν
1075 1987 1169 2074 ἐσχά-

156 2119 224 2162 των
261 2089 385 2162 κατιιδν
423 2095 553 2161 ἵσταται
590 2088 656 2161 ύπὸ
699 2094 757 2179 τῆς
792 2088 891 2180 ἡλίου
932 2095 1171 2189 δημιουργικῆς

157 2199 334 2286 κινήσεως,
366 2195 450 2267 ὅταν
477 2200 530 2267 ἐπὶ
556 2200 615 2286 τῆς
646 2196 756 2286 άκρως
788 2193 972 2287 ὡρισμένης
999 2201 1060 2267 τοῦ
1087 2224 1170 2267 παν-

117 2301 215 2384 Βτδς
247 2299 265 2371 ὁ
297 2301 378 2384 θεὸς
409 2305 544 2391 γένηται
575 2310 799 2394 περιφερείας,
832 2295 875 2372 οὗ
910 2307 968 2393 της
1000 2310 1208 2394 ίσημερίαςιο

157 2405 308 2497 τοῦνομά
339 2411 408 2476 ἐστι
440 2408 523 2478 κατὰ
553 2409 592 2478 τὸ
619 2416 729 2498 ἔργον.
776 2407 918 2498 ἐκτομὴν
951 2409 988 2479 δὲ
1016 2412 1172 2499 ἐλέγομεν

159 2512 245 2585 εἶναι
272 2517 330 2602 τῆς
357 2510 507 2604 άπειρίας
532 2514 595 2604 την
622 2516 757 2604 ἐποχήν,
783 2513 827 2604 ἣν
846 2513 908 2584 ούκ
935 2513 1043 2596 άλλως
1069 2512 1090 2603 ἢ
1115 2515 1172 2585 διδ

158 2623 217 2708 της
248 2621 302 2688 έπλ
333 2618 391 2702 τάς
421 2623 648 2712 πρεσβυτέρας
679 2623 734 2691 καλ
768 2619 1032 2712 άρχηγικωτέρας
1064 2627 1172 2702 αἰτίας

160 2723 370 2813 άνακλήσεάς
396 2752 432 2796 τε
458 2728 514 2797 καὶ
541 2725 736 2809 άναδύσευς
763 2735 971 2817 συμβαίνειν.
1005 2724 1116 2816 αύτης
1135 2728 1172 2797 δὲ

158 2835 218 2921 τῆς
244 2827 379 2920 ἁγνείας
405 2833 517 2922 φαμὲν
542 2832 603 2902 τὸν
635 2833 763 2903 σκοπὸν
790 2832 918 2904 άνοδον
950 2838 1018 2903 τῶν
1045 2837 1172 2922 ψυχάν.
1185 2859 1209 2902 ιε

161 2936 288 3008 ούκούν
316 2937 379 3010 οὐκ
406 2941 444 3030 έᾷ
470 2943 605 3030 πρῶτον
632 2951 800 3010 σιτεῖσθαι
827 2939 867 3009 τὰ
890 2938 972 3009 κατά
1001 2943 1062 3029 γῆς
1091 2941 1172 3018 δυό-

160 3073 243 3134 μενα
271 3047 452 3135 σπέρματα·
484 3051 624 3133 ἔσχατον
651 3045 713 3134 μὲν
744 3044 809 3134 γάρ
835 3049 904 3115 τῶν
936 3044 1045 3123 ὅντων
1071 3042 1093 3134 ἡ
1122 3051 1174 3135 γη.

158 3154 311 3222 ένταύθα
338 3153 379 3221 δέ
404 3171 509 3240 φησιν
536 3149 746 3221 άπελαθέντα
772 3154 829 3221 καί
848 3151 992 3221 Πλάτων
1018 3150 1060 3220 τά
1086 3152 1174 3223 κακά

154 3259 380 3349 1στρέφεσθαι,
407 3260 463 3328 καλ
495 3256 551 3327 διὰ
583 3261 651 3327 τάν
682 3265 808 3344 λογίων
835 3261 871 3328 οί
898 3261 975 3328 θεολ
1003 3257 1175 3347 σκύβαλον

231 3454 454 3601 Habe-Q&
486 3453 744 3528 Ι-άμαῐλλάλλά
773 3464 808 3514 ef.
829 3465 1011 3516 7A0t94ss
1089 3462 1173 3530 θγε]

155 3526 220 3597 βὲΐ
289 3533 323 3582 20
341 3546 375 3583 ου
408 3533 471 3608 ηΗ
540 3533 573 3581 28
591 3529 681 3597 φησὶν
699 3527 735 3597 V]
757 3545 847 3597 φησιν
865 3531 915 3583 καὶ
1070 3542 1076 3559 ·
