2446 3870
59 131 62 137 '
147 129 212 195 104
451 129 597 182 mmm
614 130 865 182 ιιιεεοετοειε

104 279 128 332 Β
149 257 278 338 θέσεως
306 252 348 326 οό
376 257 484 345 πάντη
505 262 699 338 σπουδαίας.
740 258 796 327 καλ
814 254 859 345 μη
877 266 927 338 τις
955 256 1079 325 οίέσθω
1103 255 1166 328 τὸν

148 365 254 452 λόγον
282 363 420 453 δόσεριν
448 365 503 432 καλ
522 370 634 452 βίαιον
663 369 711 444 είς
728 363 790 451 την
809 363 997 452 συνήθειαν
1025 360 1167 452 ἀφορῶν

148 473 217 540 τῶν
250 466 439 560 ὀνομάτων*
473 470 557 557 φασὶ
589 467 653 559 γάρ
682 473 717 537 οί
741 470 858 538 πολλοὶ
890 467 969 550 τοὺς
996 471 1032 538 ἐκ
1063 469 1168 539 πάλαι

148 582 323 649 πλουσίων
351 572 505 661 εὐγενεῖς.
546 582 655 645 καίτοι
682 578 752 657 παῖς
771 572 833 645 οόκ
860 573 987 644 άτοπον
1005 575 1167 665 μάγειρον

148 683 210 772 μέν
242 679 262 772 ἢ
296 684 417 751 σκυτέα
449 684 505 750 καὶ
537 683 594 750 ναὶ
626 680 671 770 μόι
704 688 773 750 Δία
805 682 947 771 κεραμέα
978 679 1054 750 τινόι
1086 683 1196 773 χρή-5

149 817 236 878 ματα
255 792 291 857 ἐκ
308 791 368 876 τῆς
393 789 511 876 τέχνης
529 783 549 876 ἢ
573 790 629 858 καὶ
648 786 793 857 άλλοθέν
820 798 929 857 ποθεν
956 783 1167 877 άθροίσαντα

152 894 196 984 μη
225 900 339 965 δοκεῖν
367 891 486 982 εὐγενῆ
515 894 598 982 μηδέ
626 890 691 964 ὑπὸ
711 897 780 962 τόν
807 896 940 962 πολλῶν
968 895 1166 982 ἐπονομάζε-

150 1012 232 1071 σθαι
260 1003 360 1071 τοῦτο
388 999 426 1070 τὸ
456 999 572 1089 ὄνομα,
601 1006 632 1075 εί
658 997 732 1072 δέὁ
761 999 883 1069 τούτου
909 1009 988 1081 παῖς
1016 1000 1167 1082 διαδεξά-

150 1136 249 1197 μενος
276 1105 336 1177 τὸν
364 1111 489 1197 κλῆρον
516 1113 564 1188 είς
581 1105 660 1187 τοὺς
687 1106 847 1192 ἐκγόνους
875 1105 1168 1197 διαπορθμεόσειε,

69 1216 71 1221 ’
109 1214 292 1295 Οτοότους
324 1213 361 1280 δέ
388 1211 453 1300 ἤδη
486 1215 569 1300 μέγα
602 1227 744 1302 φρονεῖν
775 1213 831 1281 καὶ
862 1227 933 1292 τοῖς
963 1218 1169 1294 Πελοπίδαις
1184 1249 1211 1287 10

151 1317 176 1408 ἢ
201 1335 271 1400 τοῖς
294 1315 525 1407 Ἡρακλείδαις
552 1314 636 1408 ὑπέρ
664 1321 722 1407 της
750 1314 918 1405 εὐγενείας
945 1314 1168 1406 ἁμιλλᾶσθαι;

151 1423 224 1494 ἀλλ’
260 1421 341 1493 οὐδὲ
374 1420 464 1504 ὅστις
496 1424 674 1515 προγόνων
707 1421 849 1510 ἀγαθῶν
881 1430 962 1512 ἔφυ,
996 1421 1097 1506 αὐτός
1130 1426 1169 1494 δὲ

151 1532 205 1600 ἐπὶ
236 1527 298 1619 τὴν
331 1532 488 1598 ἐναντίαν
520 1533 582 1600 τοῦ
618 1536 697 1618 βίου
735 1528 844 1619 ῥοπὴν
875 1532 1079 1619 κατηνέχθη,
1118 1536 1169 1600 δι-

152 1643 255 1718 καίως
283 1632 326 1705 άν
353 1651 564 1725 μεταποιοῖτο
592 1639 651 1725 τῆς
677 1636 761 1727 πρὸς
788 1639 937 1718 ἐκείνους
964 1639 1169 1724 ξυγγενείας,

153 1743 213 1833 (εί)
241 1743 326 1832 μηδὲ
353 1745 387 1824 ἐς
413 1739 493 1823 τους
511 1748 702 1823 Πελοπίδας
729 1744 806 1830 ἐξῆν
833 1743 1064 1833 ἐγγράφεσθαι
1086 1741 1169 1825 τοὺς
1184 1779 1212 1818 15

150 1848 195 1938 μη
223 1851 389 1940 φέροντας
416 1850 469 1918 ἐπὶ
496 1851 564 1917 τῶν
592 1846 693 1936 όόμων
720 1851 782 1918 τοῦ
809 1851 930 1936 γένους
956 1844 996 1917 τόι
1023 1857 1168 1939 γνωρίσ-

150 1984 245 2045 ματα.
300 1956 403 2043 λόγχη
441 1955 479 2025 δέ
519 1957 647 2042 λέγεται
686 1956 763 2044 περὶ
798 1954 871 2043 τὴν,
894 1961 1062 2024 Βοιωτίαν
1098 1971 1170 2037 τοῖς

152 2072 323 2154 Σπαρτοῖς
350 2064 588 2150 ἐντυπωθῆναι
615 2060 704 2151 παρὰ
731 2064 790 2149 τῆς
816 2061 977 2149 τεκούσης
1003 2062 1059 2130 καὶ
1087 2073 1175 2155 θρε-Ι

104 2189 132 2243 1)
151 2168 302 2258 ψαμένης
334 2166 457 2249 αὐτοὺς
488 2168 616 2256 βόλον,
649 2170 705 2236 καὶ
735 2166 773 2237 τὸ
802 2170 962 2236 ἐντεῦθεν
994 2169 1048 2236 ἐπὶ
1080 2168 1169 2239 πολὺ

153 2278 365 2361 διασωθῆναι
396 2277 495 2342 τοῦτο
525 2277 569 2366 τῷ
602 2275 690 2361 γένει
718 2273 898 2362 σύμβολον.
944 2275 998 2342 ἐπὶ
1030 2273 1068 2345 δέ
1099 2279 1170 2344 τῶν
1183 2308 1209 2346 ιο

151 2383 270 2466 ψυχῶν
302 2377 405 2448 οόδέν
438 2379 580 2467 οίόμεθα
612 2385 685 2448 δεῖν
722 2381 964 2469 ἐγκεχαράχθαι
998 2383 1169 2468 τοιοῦτον,

152 2481 171 2553 δ
199 2483 279 2565 τοὺς
305 2486 449 2574 πατέρας
475 2481 556 2574 ἡμῖν
585 2483 730 2576 ἀκριβῶς
757 2501 890 2577 κατερεῖ
915 2487 970 2555 καὶ
998 2483 1169 2574 άπελέγξει

150 2589 212 2659 τὸν
243 2589 344 2660 τόκον
377 2591 532 2680 γνήσιον;
565 2588 727 2682 ὑπάρχειν
760 2592 801 2661 δέ
831 2613 915 2679 φασι
946 2592 1001 2661 καὶ
1028 2600 1169 2675 Κελτοῖς

149 2695 301 2784 ποταμόν
329 2693 514 2767 άδέκαστον
541 2697 658 2789 κριτὴν
676 2701 744 2766 τῶν
768 2697 931 2785 ἐγγόνων·
959 2699 1015 2767 καί
1036 2695 1078 2768 οὗ
1097 2706 1166 2769 πεί-

149 2815 276 2874 θουσιν
309 2800 414 2874 αὐτὸν
451 2802 527 2874 οότε
560 2809 598 2873 αῖ
626 2806 765 2894 μηρέρες
802 2801 1004 2895 ὀδυρόμεναι
1042 2825 1166 2893 συγκα-
1182 2836 1205 2876 ιι

93 2937 131 2987 82
151 2910 288 2981 λάπτειν
321 2907 405 2980 αὐτὰ
437 2913 493 2980 καὶ
529 2908 753 3001 ἀποκρύπτειν
784 2909 846 2999 τὴν
878 2907 1053 3000 ἁμαρτάδα
1091 2910 1168 2981 οὔτε

81 3219 84 3226 ,
218 3166 249 3216 15
269 3162 296 3217 εί
313 3165 377 3218 add.
394 3165 422 3215 H
446 3163 450 3232 Ι
475 3158 504 3225 ές
522 3164 556 3232 V]
566 3161 618 3247 είς
687 3167 720 3216 18
739 3165 888 3245 Σπαρτοῖς
898 3161 986 3246 Βοὴ]
1007 3163 1168 3248 Σπαρτίοις

151 3225 354 3313 (οπαρτιμταις
371 3233 410 3296 Μ)
482 3235 513 3285 19
536 3224 656 3310 αότοός
663 3233 688 3284 V
706 3232 814 3299 spath
833 3225 935 3315 αὐτην
997 3235 1030 3283 23
1048 3230 1102 3309 τρν
1120 3227 1167 3285 τό·

149 3316 201 3352 m
167 3291 1168 3450 γέίιέσιοέιννδογοῖξσιάιάιάσόεῖόάιόάιοάεΓνιᾱῗάοζάέισάόίέλᾳηᾞεζθτΙ

147 3369 373 3513 gndqssswyxv
401 3439 434 3488 24
452 3429 576 3503 ἐγγόνων
594 3433 632 3503 V]
651 3429 777 3503 ἐκγόνων
847 3439 880 3486 26
899 3427 985 3503 αὐτοὶ]
1007 3429 1113 3496 αὑταῖς
1131 3438 1166 3499 Η,

138 3492 250 3561 αὐταις
267 3509 319 3553 καί
335 3493 433 3554 αυτῶν
451 3504 519 3555 Rsk.
