<?xml version="1.0" encoding="UTF-8"?>
<!DOCTYPE html PUBLIC "-//W3C//DTD XHTML 1.0 Transitional//EN"
    "http://www.w3.org/TR/xhtml1/DTD/xhtml1-transitional.dtd">
<html xmlns="http://www.w3.org/1999/xhtml" xml:lang="en" lang="en">
 <head>
  <title>
</title>
<meta http-equiv="Content-Type" content="text/html;charset=utf-8" />
  <meta name='ocr-system' content='tesseract 3.04.00' />
  <meta name='ocr-capabilities' content='ocr_page ocr_carea ocr_par ocr_line ocrx_word'/>
</head>
<body>
  <div class='ocr_page' id='page_1' title='image "./iulianiimperato01juligoog_0278.png"; bbox 0 0 2446 3870; ppageno 0'>
   <div class='ocr_carea' id='block_1_1' title="bbox 265 186 1095 275">
    <p class='ocr_par' dir='ltr' id='par_1_1' title="bbox 265 186 1095 275">
     <span class='ocr_line' id='line_1_1' title="bbox 265 186 1095 275; baseline 0.017 -38"><span class='ocrx_word' id='word_1_1' title='bbox 265 187 408 238; x_wconf 76' lang='grc' dir='ltr'><strong><em>ιοιιιιιι</em></strong></span> <span class='ocrx_word' id='word_1_2' title='bbox 424 188 674 275; x_wconf 77' lang='grc' dir='ltr'><strong><em>ιιιευιιειοιιιε</em></strong></span> <span class='ocrx_word' id='word_1_3' title='bbox 693 187 829 240; x_wconf 78' lang='lat' dir='ltr'>ORATIO</span> <span class='ocrx_word' id='word_1_4' title='bbox 847 190 910 243; x_wconf 86' lang='lat' dir='ltr'><strong><em>vn</em></strong></span> <span class='ocrx_word' id='word_1_5' title='bbox 1032 186 1095 251; x_wconf 81' lang='lat'><strong><em>265</em></strong></span> 
     </span>
    </p>
   </div>
   <div class='ocr_carea' id='block_1_2' title="bbox 182 312 1091 507">
    <p class='ocr_par' dir='ltr' id='par_1_2' title="bbox 182 312 1091 507">
     <span class='ocr_line' id='line_1_2' title="bbox 182 312 1091 445; baseline -0.001 -62"><span class='ocrx_word' id='word_1_6' title='bbox 182 315 324 383; x_wconf 82' lang='grc' dir='ltr'><strong><em>Τίτλαθι</em></strong></span> <span class='ocrx_word' id='word_1_7' title='bbox 357 314 414 402; x_wconf 83' lang='grc' dir='ltr'><strong><em>δή,</em></strong></span> <span class='ocrx_word' id='word_1_8' title='bbox 450 320 587 445; x_wconf 85' lang='grc' dir='ltr'><strong><em>κραδίη,</em></strong></span> <span class='ocrx_word' id='word_1_9' title='bbox 619 316 675 382; x_wconf 82' lang='grc' dir='ltr'><strong><em>καὶ</em></strong></span> <span class='ocrx_word' id='word_1_10' title='bbox 707 314 871 401; x_wconf 78' lang='grc' dir='ltr'><strong><em>κύντερον</em></strong></span> <span class='ocrx_word' id='word_1_11' title='bbox 904 312 984 383; x_wconf 84' lang='grc' dir='ltr'><strong><em>άλλο</em></strong></span> <span class='ocrx_word' id='word_1_12' title='bbox 1017 312 1091 384; x_wconf 88' lang='grc' dir='ltr'><strong><em>πότ’</em></strong></span> 
     </span>
     <span class='ocr_line' id='line_1_3' title="bbox 915 426 1040 507; baseline -0.047 -0.159"><span class='ocrx_word' id='word_1_13' title='bbox 915 426 1040 507; x_wconf 72' lang='grc' dir='ltr'><strong><em>ἔτλης,</em></strong></span> 
     </span>
    </p>
   </div>
   <div class='ocr_carea' id='block_1_3' title="bbox 1 538 1170 2963">
    <p class='ocr_par' dir='ltr' id='par_1_3' title="bbox 1 538 1170 2963">
     <span class='ocr_line' id='line_1_4' title="bbox 79 538 1096 632; baseline 0.001 -21"><span class='ocrx_word' id='word_1_14' title='bbox 79 541 229 630; x_wconf 76' lang='grc' dir='ltr'><em>ἀνάσχου</em></span> <span class='ocrx_word' id='word_1_15' title='bbox 257 544 312 612; x_wconf 89' lang='grc' dir='ltr'><strong><em>καλ</em></strong></span> <span class='ocrx_word' id='word_1_16' title='bbox 340 541 443 624; x_wconf 89' lang='grc' dir='ltr'><strong><em>κυνὸς</em></strong></span> <span class='ocrx_word' id='word_1_17' title='bbox 470 546 655 632; x_wconf 76' lang='grc' dir='ltr'><strong><em>ληροῦντος</em></strong></span> <span class='ocrx_word' id='word_1_18' title='bbox 679 538 841 629; x_wconf 62' lang='grc' dir='ltr'><strong><em>ὀλίγον’</em></strong></span> <span class='ocrx_word' id='word_1_19' title='bbox 823 544 947 630; x_wconf 82' lang='grc' dir='ltr'><strong><em>ημίρας</em></strong></span> <span class='ocrx_word' id='word_1_20' title='bbox 964 543 1096 631; x_wconf 90' lang='grc' dir='ltr'><strong><em>μόριον,</em></strong></span> 
     </span>
     <span class='ocr_line' id='line_1_5' title="bbox 80 646 1095 738; baseline 0.001 -21"><span class='ocrx_word' id='word_1_21' title='bbox 80 647 122 717; x_wconf 87' lang='grc' dir='ltr'><strong><em>ού</em></strong></span> <span class='ocrx_word' id='word_1_22' title='bbox 150 652 285 738; x_wconf 90' lang='grc' dir='ltr'><strong><em>πρῶτον</em></strong></span> <span class='ocrx_word' id='word_1_23' title='bbox 313 646 445 730; x_wconf 81' lang='grc' dir='ltr'><strong><em>ἀκούεις</em></strong></span> <span class='ocrx_word' id='word_1_24' title='bbox 471 653 541 717; x_wconf 89' lang='grc' dir='ltr'><strong><em>τῶν</em></strong></span> <span class='ocrx_word' id='word_1_25' title='bbox 557 653 652 736; x_wconf 89' lang='grc' dir='ltr'><strong><em>θεῶν</em></strong></span> <span class='ocrx_word' id='word_1_26' title='bbox 679 651 1004 736; x_wconf 82' lang='grc' dir='ltr'><strong><em>βλασφημονμίνων,</em></strong></span> <span class='ocrx_word' id='word_1_27' title='bbox 1033 647 1095 737; x_wconf 82' lang='grc' dir='ltr'><strong><em>οὐχ</em></strong></span> 
     </span>
     <span class='ocr_line' id='line_1_6' title="bbox 80 752 1096 844; baseline 0 -20"><span class='ocrx_word' id='word_1_28' title='bbox 80 753 168 824; x_wconf 75' lang='grc' dir='ltr'><strong><em>οὕτω</em></strong></span> <span class='ocrx_word' id='word_1_29' title='bbox 204 755 245 823; x_wconf 81' lang='grc' dir='ltr'><strong><em>τά</em></strong></span> <span class='ocrx_word' id='word_1_30' title='bbox 281 753 378 825; x_wconf 84' lang='grc' dir='ltr'><strong><em>κοινά</em></strong></span> <span class='ocrx_word' id='word_1_31' title='bbox 413 756 601 844; x_wconf 79' lang='grc' dir='ltr'><strong><em>πράττομεν</em></strong></span> <span class='ocrx_word' id='word_1_32' title='bbox 641 758 763 837; x_wconf 85' lang='grc' dir='ltr'><strong><em>καλῶς,</em></strong></span> <span class='ocrx_word' id='word_1_33' title='bbox 801 752 862 842; x_wconf 82' lang='grc' dir='ltr'><strong><em>οὐχ</em></strong></span> <span class='ocrx_word' id='word_1_34' title='bbox 898 752 986 824; x_wconf 80' lang='grc' dir='ltr'><strong><em>οὕτω</em></strong></span> <span class='ocrx_word' id='word_1_35' title='bbox 1027 759 1096 824; x_wconf 90' lang='grc' dir='ltr'><strong><em>τῶν</em></strong></span> 
     </span>
     <span class='ocr_line' id='line_1_7' title="bbox 32 858 1148 950; baseline 0.004 -20"><span class='ocrx_word' id='word_1_36' title='bbox 32 866 179 941; x_wconf 11' lang='grc' dir='ltr'><strong><em>,5ίδίων</em></strong></span> <span class='ocrx_word' id='word_1_37' title='bbox 216 863 312 929; x_wconf 77' lang='grc' dir='ltr'><strong><em>ἕνεκα</em></strong></span> <span class='ocrx_word' id='word_1_38' title='bbox 348 865 609 949; x_wconf 79' lang='grc' dir='ltr'><strong><em>σωφρονοῦμεν,</em></strong></span> <span class='ocrx_word' id='word_1_39' title='bbox 646 860 689 930; x_wconf 88' lang='grc' dir='ltr'><strong><em>ού</em></strong></span> <span class='ocrx_word' id='word_1_40' title='bbox 724 859 792 948; x_wconf 75' lang='grc' dir='ltr'><strong><em>μὴν</em></strong></span> <span class='ocrx_word' id='word_1_41' title='bbox 828 858 909 929; x_wconf 84' lang='lat'><em>0555</em></span> <span class='ocrx_word' id='word_1_42' title='bbox 945 858 1148 950; x_wconf 72' lang='grc' dir='ltr'><strong><em>εύτνχελςνοῠ</em></strong></span> 
     </span>
     <span class='ocr_line' id='line_1_8' title="bbox 80 962 1094 1056; baseline 0.002 -21"><span class='ocrx_word' id='word_1_43' title='bbox 80 971 190 1054; x_wconf 87' lang='grc' dir='ltr'><strong><em>ε’σμεν,</em></strong></span> <span class='ocrx_word' id='word_1_44' title='bbox 219 964 304 1036; x_wconf 89' lang='grc' dir='ltr'><strong><em>ῶστε</em></strong></span> <span class='ocrx_word' id='word_1_45' title='bbox 330 965 389 1047; x_wconf 88' lang='grc' dir='ltr'><strong><em>τάς</em></strong></span> <span class='ocrx_word' id='word_1_46' title='bbox 416 964 519 1047; x_wconf 87' lang='grc' dir='ltr'><strong><em>άκοάς</em></strong></span> <span class='ocrx_word' id='word_1_47' title='bbox 545 967 698 1056; x_wconf 85' lang='grc' dir='ltr'><strong><em>καθαράς</em></strong></span> <span class='ocrx_word' id='word_1_48' title='bbox 725 972 813 1054; x_wconf 79' lang='grc' dir='ltr'><strong><em>ἔχειν</em></strong></span> <span class='ocrx_word' id='word_1_49' title='bbox 840 962 861 1054; x_wconf 81' lang='lat'><strong><em>5</em></strong></span> <span class='ocrx_word' id='word_1_50' title='bbox 890 965 956 1056; x_wconf 87' lang='grc' dir='ltr'><strong><em>(τό)</em></strong></span> <span class='ocrx_word' id='word_1_51' title='bbox 984 977 1094 1037; x_wconf 90' lang='grc' dir='ltr'><strong><em>τελευ-</em></strong></span> 
     </span>
     <span class='ocr_line' id='line_1_9' title="bbox 78 1071 1094 1161; baseline 0.001 -20"><span class='ocrx_word' id='word_1_52' title='bbox 78 1088 175 1142; x_wconf 78' lang='grc' dir='ltr'><strong><em>ταῖον</em></strong></span> <span class='ocrx_word' id='word_1_53' title='bbox 203 1076 289 1158; x_wconf 81' lang='grc' dir='ltr'><strong><em>γοῦν</em></strong></span> <span class='ocrx_word' id='word_1_54' title='bbox 315 1071 361 1142; x_wconf 84' lang='grc' dir='ltr'><strong><em>τά</em></strong></span> <span class='ocrx_word' id='word_1_55' title='bbox 385 1071 515 1161; x_wconf 81' lang='grc' dir='ltr'><strong><em>ὄμματα</em></strong></span> <span class='ocrx_word' id='word_1_56' title='bbox 542 1071 586 1161; x_wconf 79' lang='grc' dir='ltr'><strong><em>μὴ</em></strong></span> <span class='ocrx_word' id='word_1_57' title='bbox 610 1073 799 1161; x_wconf 88' lang='grc' dir='ltr'><strong><em>κεχράνθαι</em></strong></span> <span class='ocrx_word' id='word_1_58' title='bbox 830 1084 901 1152; x_wconf 83' lang='grc' dir='ltr'><strong><em>τοῖς</em></strong></span> <span class='ocrx_word' id='word_1_59' title='bbox 927 1078 1094 1144; x_wconf 92' lang='grc' dir='ltr'><strong><em>παντοδα-</em></strong></span> 
     </span>
     <span class='ocr_line' id='line_1_10' title="bbox 79 1176 1095 1308; baseline 0.001 -61"><span class='ocrx_word' id='word_1_60' title='bbox 79 1194 156 1260; x_wconf 79' lang='grc' dir='ltr'><strong><em>ποῖς</em></strong></span> <span class='ocrx_word' id='word_1_61' title='bbox 182 1180 320 1248; x_wconf 87' lang='grc' dir='ltr'><strong><em>τουτουλ</em></strong></span> <span class='ocrx_word' id='word_1_62' title='bbox 347 1182 409 1248; x_wconf 84' lang='grc' dir='ltr'><strong><em>τοῦ</em></strong></span> <span class='ocrx_word' id='word_1_63' title='bbox 442 1183 601 1307; x_wconf 66' lang='grc' dir='ltr'><strong><em>σιδιγρού</em></strong></span> <span class='ocrx_word' id='word_1_64' title='bbox 608 1182 735 1303; x_wconf 78' lang='grc' dir='ltr'><strong><em>γένους</em></strong></span> <span class='ocrx_word' id='word_1_65' title='bbox 762 1176 978 1308; x_wconf 74' lang='grc' dir='ltr'><strong><em>άσεβήμασιυ.</em></strong></span> <span class='ocrx_word' id='word_1_66' title='bbox 1025 1180 1095 1248; x_wconf 75' lang='grc' dir='ltr'><strong><em>ἐπεὶ</em></strong></span> 
     </span>
     <span class='ocr_line' id='line_1_11' title="bbox 81 1281 1170 1374; baseline 0.002 -21"><span class='ocrx_word' id='word_1_67' title='bbox 81 1282 172 1353; x_wconf 83' lang='lat'><strong><em>55‘</em></strong></span> <span class='ocrx_word' id='word_1_68' title='bbox 152 1283 262 1372; x_wconf 87' lang='grc' dir='ltr'><strong><em>ῶσπερ</em></strong></span> <span class='ocrx_word' id='word_1_69' title='bbox 295 1281 473 1365; x_wconf 77' lang='grc' dir='ltr'><strong><em>ἐνδεεῖς</em></strong></span> <span class='ocrx_word' id='word_1_70' title='bbox 455 1289 541 1374; x_wconf 82' lang='grc' dir='ltr'><strong><em>ημάς</em></strong></span> <span class='ocrx_word' id='word_1_71' title='bbox 576 1290 645 1355; x_wconf 87' lang='grc' dir='ltr'><strong><em>τῶν</em></strong></span> <span class='ocrx_word' id='word_1_72' title='bbox 680 1285 843 1355; x_wconf 80' lang='grc' dir='ltr'><strong><em>τοιούτων</em></strong></span> <span class='ocrx_word' id='word_1_73' title='bbox 874 1289 986 1354; x_wconf 91' lang='grc' dir='ltr'><strong><em>κακῶν</em></strong></span> <span class='ocrx_word' id='word_1_74' title='bbox 1019 1283 1095 1355; x_wconf 74' lang='lat'><em>555-</em></span> <span class='ocrx_word' id='word_1_75' title='bbox 1165 1329 1170 1341; x_wconf 44' lang='grc' dir='ltr'><strong><em>ι</em></strong></span> 
     </span>
     <span class='ocr_line' id='line_1_12' title="bbox 38 1388 1096 1482; baseline 0 -23"><span class='ocrx_word' id='word_1_76' title='bbox 38 1408 66 1445; x_wconf 88' lang='lat'><strong><em>10</em></strong></span> <span class='ocrx_word' id='word_1_77' title='bbox 80 1401 206 1479; x_wconf 86' lang='grc' dir='ltr'><strong><em>πλησεν</em></strong></span> <span class='ocrx_word' id='word_1_78' title='bbox 234 1388 297 1460; x_wconf 91' lang='grc' dir='ltr'><strong><em>οόκ</em></strong></span> <span class='ocrx_word' id='word_1_79' title='bbox 331 1389 464 1477; x_wconf 88' lang='grc' dir='ltr'><strong><em>εόαγῶν</em></strong></span> <span class='ocrx_word' id='word_1_80' title='bbox 491 1388 508 1460; x_wconf 92' lang='lat'><strong><em>5</em></strong></span> <span class='ocrx_word' id='word_1_81' title='bbox 542 1392 635 1466; x_wconf 84' lang='grc' dir='ltr'><strong><em>κύων</em></strong></span> <span class='ocrx_word' id='word_1_82' title='bbox 663 1392 834 1482; x_wconf 77' lang='grc' dir='ltr'><strong><em>ῥημάτων,</em></strong></span> <span class='ocrx_word' id='word_1_83' title='bbox 865 1390 927 1460; x_wconf 82' lang='grc' dir='ltr'><strong><em>τὸν</em></strong></span> <span class='ocrx_word' id='word_1_84' title='bbox 958 1390 1096 1481; x_wconf 85' lang='grc' dir='ltr'><strong><em>άριστον</em></strong></span> 
     </span>
     <span class='ocr_line' id='line_1_13' title="bbox 80 1493 1095 1586; baseline 0.001 -20"><span class='ocrx_word' id='word_1_85' title='bbox 80 1501 148 1566; x_wconf 89' lang='grc' dir='ltr'><strong><em>τῶν</em></strong></span> <span class='ocrx_word' id='word_1_86' title='bbox 174 1501 269 1566; x_wconf 92' lang='grc' dir='ltr'><strong><em>θεῶν</em></strong></span> <span class='ocrx_word' id='word_1_87' title='bbox 296 1494 475 1585; x_wconf 79' lang='grc' dir='ltr'><strong><em>ὀνομάσας,</em></strong></span> <span class='ocrx_word' id='word_1_88' title='bbox 504 1493 549 1578; x_wconf 90' lang='grc' dir='ltr'><strong><em>ῶς</em></strong></span> <span class='ocrx_word' id='word_1_89' title='bbox 575 1499 699 1586; x_wconf 79' lang='grc' dir='ltr'><strong><em>μήποτε</em></strong></span> <span class='ocrx_word' id='word_1_90' title='bbox 727 1497 837 1586; x_wconf 84' lang='grc' dir='ltr'><strong><em>ῶφελε</em></strong></span> <span class='ocrx_word' id='word_1_91' title='bbox 863 1495 939 1586; x_wconf 80' lang='grc' dir='ltr'><strong><em>μήτ’</em></strong></span> <span class='ocrx_word' id='word_1_92' title='bbox 970 1501 1095 1579; x_wconf 79' lang='grc' dir='ltr'><strong><em>ἐκεῖνος</em></strong></span> 
     </span>
     <span class='ocr_line' id='line_1_14' title="bbox 81 1600 1096 1693; baseline -0.001 -21"><span class='ocrx_word' id='word_1_93' title='bbox 81 1611 187 1672; x_wconf 83' lang='grc' dir='ltr'><strong><em>εἰπεῖν</em></strong></span> <span class='ocrx_word' id='word_1_94' title='bbox 214 1603 295 1691; x_wconf 79' lang='grc' dir='ltr'><strong><em>μήτε</em></strong></span> <span class='ocrx_word' id='word_1_95' title='bbox 321 1600 415 1691; x_wconf 78' lang='grc' dir='ltr'><strong><em>ἡμεῖς</em></strong></span> <span class='ocrx_word' id='word_1_96' title='bbox 441 1602 596 1689; x_wconf 82' lang='grc' dir='ltr'><strong><em>άκοῦσαι,</em></strong></span> <span class='ocrx_word' id='word_1_97' title='bbox 624 1608 725 1693; x_wconf 82' lang='grc' dir='ltr'><strong><em>δεῦρο</em></strong></span> <span class='ocrx_word' id='word_1_98' title='bbox 749 1607 964 1691; x_wconf 74' lang='grc' dir='ltr'><strong><em>πειραθῶμεν</em></strong></span> <span class='ocrx_word' id='word_1_99' title='bbox 991 1601 1096 1673; x_wconf 81' lang='grc' dir='ltr'><strong><em>αὐτὸν</em></strong></span> 
     </span>
     <span class='ocr_line' id='line_1_15' title="bbox 1 1705 1136 1800; baseline 0.004 -23"><span class='ocrx_word' id='word_1_100' title='bbox 1 1738 7 1743; x_wconf 93' lang='grc'><strong><em>·</em></strong></span> <span class='ocrx_word' id='word_1_101' title='bbox 82 1708 136 1796; x_wconf 81' lang='grc' dir='ltr'><strong><em>ἐφ’</em></strong></span> <span class='ocrx_word' id='word_1_102' title='bbox 167 1705 263 1797; x_wconf 83' lang='grc' dir='ltr'><strong><em>ὑμῶν</em></strong></span> <span class='ocrx_word' id='word_1_103' title='bbox 291 1711 437 1796; x_wconf 77' lang='grc' dir='ltr'><strong><em>διδάξαι,</em></strong></span> <span class='ocrx_word' id='word_1_104' title='bbox 463 1713 600 1798; x_wconf 89' lang='grc' dir='ltr'><strong><em>πρῶτον</em></strong></span> <span class='ocrx_word' id='word_1_105' title='bbox 626 1710 688 1797; x_wconf 74' lang='grc' dir='ltr'><strong><em>μὲν</em></strong></span> <span class='ocrx_word' id='word_1_106' title='bbox 716 1707 766 1779; x_wconf 86' lang='grc' dir='ltr'><strong><em>ὅτι</em></strong></span> <span class='ocrx_word' id='word_1_107' title='bbox 794 1713 839 1800; x_wconf 80' lang='grc' dir='ltr'><strong><em>τῶ</em></strong></span> <span class='ocrx_word' id='word_1_108' title='bbox 867 1710 945 1778; x_wconf 80' lang='grc' dir='ltr'><strong><em>κυνὶ</em></strong></span> <span class='ocrx_word' id='word_1_109' title='bbox 973 1709 1136 1795; x_wconf 89' lang='grc' dir='ltr'><strong><em>λόγονςΒ</em></strong></span> 
     </span>
     <span class='ocr_line' id='line_1_16' title="bbox 83 1805 1095 1904; baseline 0.001 -22"><span class='ocrx_word' id='word_1_110' title='bbox 83 1819 209 1901; x_wconf 86' lang='grc' dir='ltr'><strong><em>μάλλον</em></strong></span> <span class='ocrx_word' id='word_1_111' title='bbox 235 1811 256 1903; x_wconf 83' lang='grc' dir='ltr'>ἢ</span> <span class='ocrx_word' id='word_1_112' title='bbox 284 1816 418 1903; x_wconf 78' lang='grc' dir='ltr'><strong><em>μύθους</em></strong></span> <span class='ocrx_word' id='word_1_113' title='bbox 444 1805 604 1904; x_wconf 81' lang='grc' dir='ltr'><strong><em>προσήκει</em></strong></span> <span class='ocrx_word' id='word_1_114' title='bbox 623 1815 776 1904; x_wconf 87' lang='grc' dir='ltr'><strong><em>γράφειν,</em></strong></span> <span class='ocrx_word' id='word_1_115' title='bbox 804 1813 874 1883; x_wconf 78' lang='grc' dir='ltr'><strong><em>εἶτα</em></strong></span> <span class='ocrx_word' id='word_1_116' title='bbox 903 1812 1021 1897; x_wconf 84' lang='grc' dir='ltr'><strong><em>ὁποίας</em></strong></span> <span class='ocrx_word' id='word_1_117' title='bbox 1039 1818 1095 1884; x_wconf 86' lang='grc' dir='ltr'><strong><em>καὶ</em></strong></span> 
     </span>
     <span class='ocr_line' id='line_1_17' title="bbox 41 1919 1100 2010; baseline 0.002 -23"><span class='ocrx_word' id='word_1_118' title='bbox 41 1934 71 1974; x_wconf 77' lang='lat'><strong><em>¹⁵</em></strong></span> <span class='ocrx_word' id='word_1_119' title='bbox 84 1927 179 1999; x_wconf 92' lang='grc' dir='ltr'><strong><em>τίνας</em></strong></span> <span class='ocrx_word' id='word_1_120' title='bbox 209 1919 269 2010; x_wconf 80' lang='grc' dir='ltr'><strong><em>χρὴ</em></strong></span> <span class='ocrx_word' id='word_1_121' title='bbox 301 1933 472 1991; x_wconf 80' lang='grc' dir='ltr'><strong><em>ποιεῖσθαι</em></strong></span> <span class='ocrx_word' id='word_1_122' title='bbox 504 1921 562 2001; x_wconf 84' lang='grc' dir='ltr'><strong><em>τάς</em></strong></span> <span class='ocrx_word' id='word_1_123' title='bbox 590 1919 769 2001; x_wconf 85' lang='grc' dir='ltr'><strong><em>διασκενάς</em></strong></span> <span class='ocrx_word' id='word_1_124' title='bbox 795 1924 863 1989; x_wconf 91' lang='grc' dir='ltr'><strong><em>τῶν</em></strong></span> <span class='ocrx_word' id='word_1_125' title='bbox 895 1921 1033 2007; x_wconf 88' lang='grc' dir='ltr'><strong><em>μύθων,</em></strong></span> <span class='ocrx_word' id='word_1_126' title='bbox 1066 1931 1100 1990; x_wconf 86' lang='grc' dir='ltr'><strong><em>εί</em></strong></span> 
     </span>
     <span class='ocr_line' id='line_1_18' title="bbox 81 2023 1096 2116; baseline -0.001 -22"><span class='ocrx_word' id='word_1_127' title='bbox 81 2053 114 2095; x_wconf 92' lang='grc' dir='ltr'><strong><em>τι</em></strong></span> <span class='ocrx_word' id='word_1_128' title='bbox 143 2023 208 2114; x_wconf 84' lang='grc' dir='ltr'><strong><em>άρα</em></strong></span> <span class='ocrx_word' id='word_1_129' title='bbox 234 2029 289 2096; x_wconf 78' lang='grc' dir='ltr'><strong><em>καὶ</em></strong></span> <span class='ocrx_word' id='word_1_130' title='bbox 316 2035 503 2116; x_wconf 81' lang='grc' dir='ltr'><strong><em>φιλοσοφία</em></strong></span> <span class='ocrx_word' id='word_1_131' title='bbox 535 2033 728 2116; x_wconf 89' lang='grc' dir='ltr'><strong><em>προσδειται</em></strong></span> <span class='ocrx_word' id='word_1_132' title='bbox 761 2030 818 2114; x_wconf 74' lang='grc' dir='ltr'><strong><em>τῆς</em></strong></span> <span class='ocrx_word' id='word_1_133' title='bbox 845 2034 1096 2114; x_wconf 88' lang='grc' dir='ltr'><strong><em>μυθογραφίας,</em></strong></span> 
     </span>
     <span class='ocr_line' id='line_1_19' title="bbox 82 2129 1096 2261; baseline -0.002 -60"><span class='ocrx_word' id='word_1_134' title='bbox 82 2135 135 2202; x_wconf 76' lang='grc' dir='ltr'><strong><em>ἐπὶ</em></strong></span> <span class='ocrx_word' id='word_1_135' title='bbox 167 2135 248 2202; x_wconf 89' lang='grc' dir='ltr'><strong><em>πάσι</em></strong></span> <span class='ocrx_word' id='word_1_136' title='bbox 281 2131 368 2203; x_wconf 83' lang='lat'><strong><em>55</em></strong></span> <span class='ocrx_word' id='word_1_137' title='bbox 350 2134 434 2222; x_wconf 74' lang='grc' dir='ltr'><strong><em>νπὲρ</em></strong></span> <span class='ocrx_word' id='word_1_138' title='bbox 470 2138 529 2258; x_wconf 59' lang='grc' dir='ltr'><strong><em>τῶς</em></strong></span> <span class='ocrx_word' id='word_1_139' title='bbox 560 2132 644 2261; x_wconf 74' lang='grc' dir='ltr'><strong><em>πρδς</em></strong></span> <span class='ocrx_word' id='word_1_140' title='bbox 674 2132 754 2214; x_wconf 84' lang='grc' dir='ltr'><strong><em>τούς</em></strong></span> <span class='ocrx_word' id='word_1_141' title='bbox 785 2131 889 2214; x_wconf 82' lang='grc' dir='ltr'><strong><em>θεούς</em></strong></span> <span class='ocrx_word' id='word_1_142' title='bbox 922 2129 1096 2219; x_wconf 78' lang='grc' dir='ltr'><strong><em>εὐλαβείας</em></strong></span> 
     </span>
     <span class='ocr_line' id='line_1_20' title="bbox 82 2234 1098 2329; baseline -0.003 -20"><span class='ocrx_word' id='word_1_143' title='bbox 82 2237 180 2325; x_wconf 86' lang='grc' dir='ltr'><strong><em>ὀλίγα</em></strong></span> <span class='ocrx_word' id='word_1_144' title='bbox 213 2243 414 2329; x_wconf 79' lang='grc' dir='ltr'><strong><em>διαλέξομαι·</em></strong></span> <span class='ocrx_word' id='word_1_145' title='bbox 446 2244 547 2309; x_wconf 85' lang='grc' dir='ltr'><strong><em>τούτο</em></strong></span> <span class='ocrx_word' id='word_1_146' title='bbox 580 2239 644 2329; x_wconf 93' lang='grc' dir='ltr'><strong><em>γάρ</em></strong></span> <span class='ocrx_word' id='word_1_147' title='bbox 671 2267 728 2329; x_wconf 92' lang='grc' dir='ltr'><strong><em>μοι</em></strong></span> <span class='ocrx_word' id='word_1_148' title='bbox 760 2240 816 2308; x_wconf 78' lang='grc' dir='ltr'><strong><em>καὶ</em></strong></span> <span class='ocrx_word' id='word_1_149' title='bbox 842 2243 901 2327; x_wconf 78' lang='grc' dir='ltr'><strong><em>τῆς</em></strong></span> <span class='ocrx_word' id='word_1_150' title='bbox 933 2244 980 2320; x_wconf 89' lang='grc' dir='ltr'><strong><em>είς</em></strong></span> <span class='ocrx_word' id='word_1_151' title='bbox 1011 2234 1098 2327; x_wconf 82' lang='grc' dir='ltr'><strong><em>ὑμᾶς</em></strong></span> 
     </span>
     <span class='ocr_line' id='line_1_21' title="bbox 75 2344 1096 2434; baseline -0.002 -19"><span class='ocrx_word' id='word_1_152' title='bbox 75 2345 236 2433; x_wconf 83' lang='grc' dir='ltr'><strong><em>παρόδου</em></strong></span> <span class='ocrx_word' id='word_1_153' title='bbox 274 2350 411 2432; x_wconf 81' lang='grc' dir='ltr'><strong><em>γέγονεν</em></strong></span> <span class='ocrx_word' id='word_1_154' title='bbox 443 2356 553 2415; x_wconf 82' lang='grc' dir='ltr'><strong><em>αίτιον</em></strong></span> <span class='ocrx_word' id='word_1_155' title='bbox 590 2354 706 2434; x_wconf 87' lang='grc' dir='ltr'><strong><em>καίπερ</em></strong></span> <span class='ocrx_word' id='word_1_156' title='bbox 745 2344 808 2415; x_wconf 89' lang='grc' dir='ltr'><strong><em>ούκ</em></strong></span> <span class='ocrx_word' id='word_1_157' title='bbox 841 2344 914 2415; x_wconf 82' lang='grc' dir='ltr'><strong><em>ὀντι</em></strong></span> <span class='ocrx_word' id='word_1_158' title='bbox 951 2366 1096 2434; x_wconf 90' lang='grc' dir='ltr'><strong><em>συγγρα-</em></strong></span> 
     </span>
     <span class='ocr_line' id='line_1_22' title="bbox 43 2450 1097 2544; baseline 0 -24"><span class='ocrx_word' id='word_1_159' title='bbox 43 2464 69 2504; x_wconf 77' lang='lat'><strong><em>2⁰</em></strong></span> <span class='ocrx_word' id='word_1_160' title='bbox 83 2455 172 2543; x_wconf 78' lang='grc' dir='ltr'><strong><em>φικῷ</em></strong></span> <span class='ocrx_word' id='word_1_161' title='bbox 205 2454 261 2520; x_wconf 82' lang='grc' dir='ltr'><strong><em>καὶ</em></strong></span> <span class='ocrx_word' id='word_1_162' title='bbox 292 2451 330 2521; x_wconf 85' lang='grc' dir='ltr'><strong><em>τὸ</em></strong></span> <span class='ocrx_word' id='word_1_163' title='bbox 364 2456 402 2521; x_wconf 81' lang='grc' dir='ltr'><strong><em>ἐν</em></strong></span> <span class='ocrx_word' id='word_1_164' title='bbox 433 2456 480 2544; x_wconf 79' lang='grc' dir='ltr'><strong><em>τῷ</em></strong></span> <span class='ocrx_word' id='word_1_165' title='bbox 516 2452 638 2541; x_wconf 80' lang='grc' dir='ltr'><strong><em>πλήθει</em></strong></span> <span class='ocrx_word' id='word_1_166' title='bbox 671 2455 778 2538; x_wconf 78' lang='grc' dir='ltr'><strong><em>λέγειν</em></strong></span> <span class='ocrx_word' id='word_1_167' title='bbox 811 2450 920 2539; x_wconf 88' lang='grc' dir='ltr'><strong><em>ῶσπερ</em></strong></span> <span class='ocrx_word' id='word_1_168' title='bbox 953 2451 1033 2521; x_wconf 87' lang='grc' dir='ltr'><strong><em>άλλο</em></strong></span> <span class='ocrx_word' id='word_1_169' title='bbox 1065 2480 1097 2519; x_wconf 87' lang='grc' dir='ltr'><strong><em>τι</em></strong></span> 
     </span>
     <span class='ocr_line' id='line_1_23' title="bbox 82 2557 1137 2688; baseline 0.005 -62"><span class='ocrx_word' id='word_1_170' title='bbox 82 2561 150 2626; x_wconf 89' lang='grc' dir='ltr'><strong><em>τῶν</em></strong></span> <span class='ocrx_word' id='word_1_171' title='bbox 178 2559 336 2646; x_wconf 76' lang='grc' dir='ltr'><strong><em>ἐπαχθῶν</em></strong></span> <span class='ocrx_word' id='word_1_172' title='bbox 363 2560 418 2627; x_wconf 84' lang='grc' dir='ltr'><strong><em>καὶ</em></strong></span> <span class='ocrx_word' id='word_1_173' title='bbox 447 2563 653 2688; x_wconf 78' lang='grc' dir='ltr'><strong><em>σοφιστικῶν</em></strong></span> <span class='ocrx_word' id='word_1_174' title='bbox 675 2557 735 2628; x_wconf 86' lang='grc' dir='ltr'><strong><em>τὸν</em></strong></span> <span class='ocrx_word' id='word_1_175' title='bbox 754 2565 946 2647; x_wconf 83' lang='grc' dir='ltr'><strong><em>ἔμπροσθεν</em></strong></span> <span class='ocrx_word' id='word_1_176' title='bbox 974 2558 1137 2647; x_wconf 71' lang='grc' dir='ltr'><strong><em>χρόνονῦ</em></strong></span> 
     </span>
     <span class='ocr_line' id='line_1_24' title="bbox 82 2661 1096 2792; baseline 0.001 -60"><span class='ocrx_word' id='word_1_177' title='bbox 82 2668 371 2792; x_wconf 80' lang='grc' dir='ltr'><strong><em>παραιτησαμίνφ.</em></strong></span> <span class='ocrx_word' id='word_1_178' title='bbox 406 2663 507 2752; x_wconf 86' lang='grc' dir='ltr'><strong><em>μικρά</em></strong></span> <span class='ocrx_word' id='word_1_179' title='bbox 535 2661 618 2734; x_wconf 66' lang='grc' dir='ltr'><strong><em>δὲ’</em></strong></span> <span class='ocrx_word' id='word_1_180' title='bbox 599 2665 683 2752; x_wconf 73' lang='grc' dir='ltr'><strong><em>νπὲρ</em></strong></span> <span class='ocrx_word' id='word_1_181' title='bbox 710 2669 772 2734; x_wconf 84' lang='grc' dir='ltr'><strong><em>τοῦ</em></strong></span> <span class='ocrx_word' id='word_1_182' title='bbox 800 2665 915 2753; x_wconf 87' lang='grc' dir='ltr'><strong><em>μύθου</em></strong></span> <span class='ocrx_word' id='word_1_183' title='bbox 943 2665 1096 2752; x_wconf 88' lang='grc' dir='ltr'><strong><em>καθάπερ</em></strong></span> 
     </span>
     <span class='ocr_line' id='line_1_25' title="bbox 82 2768 1097 2861; baseline 0.001 -24"><span class='ocrx_word' id='word_1_184' title='bbox 82 2768 158 2838; x_wconf 86' lang='grc' dir='ltr'><strong><em>τινά</em></strong></span> <span class='ocrx_word' id='word_1_185' title='bbox 186 2777 404 2858; x_wconf 90' lang='grc' dir='ltr'><strong><em>γενεαλογίαν</em></strong></span> <span class='ocrx_word' id='word_1_186' title='bbox 423 2781 503 2852; x_wconf 85' lang='grc' dir='ltr'><strong><em>ίσως</em></strong></span> <span class='ocrx_word' id='word_1_187' title='bbox 525 2768 588 2840; x_wconf 90' lang='grc' dir='ltr'><strong><em>ούκ</em></strong></span> <span class='ocrx_word' id='word_1_188' title='bbox 607 2769 820 2861; x_wconf 80' lang='grc' dir='ltr'><strong><em>ἀνάρμοστον</em></strong></span> <span class='ocrx_word' id='word_1_189' title='bbox 838 2774 914 2859; x_wconf 76' lang='grc' dir='ltr'><strong><em>ἐμοί</em></strong></span> <span class='ocrx_word' id='word_1_190' title='bbox 938 2797 973 2840; x_wconf 92' lang='grc' dir='ltr'><strong><em>τε</em></strong></span> <span class='ocrx_word' id='word_1_191' title='bbox 991 2771 1097 2858; x_wconf 85' lang='grc' dir='ltr'><strong><em>φάναι</em></strong></span> 
     </span>
     <span class='ocr_line' id='line_1_26' title="bbox 82 2872 404 2963; baseline 0.006 -20"><span class='ocrx_word' id='word_1_192' title='bbox 82 2872 163 2963; x_wconf 79' lang='grc' dir='ltr'><strong><em>ὑμῖν</em></strong></span> <span class='ocrx_word' id='word_1_193' title='bbox 191 2903 226 2944; x_wconf 89' lang='grc' dir='ltr'><strong><em>τε</em></strong></span> <span class='ocrx_word' id='word_1_194' title='bbox 253 2875 404 2946; x_wconf 83' lang='grc' dir='ltr'><strong><em>άκοῦσαι.</em></strong></span> 
     </span>
    </p>
   </div>
   <div class='ocr_carea' id='block_1_4' title="bbox 18 3076 1205 3621">
    <p class='ocr_par' dir='ltr' id='par_1_4' title="bbox 83 3076 1097 3217">
     <span class='ocr_line' id='line_1_27' title="bbox 153 3076 1097 3164; baseline 0.001 -33"><span class='ocrx_word' id='word_1_195' title='bbox 153 3085 165 3131; x_wconf 97' lang='grc'>1</span> <span class='ocrx_word' id='word_1_196' title='bbox 191 3081 292 3158; x_wconf 77' lang='grc' dir='ltr'><strong><em>Οδγεε.</em></strong></span> <span class='ocrx_word' id='word_1_197' title='bbox 311 3099 341 3148; x_wconf 83' lang='grc' dir='ltr'><strong><em>ν,</em></strong></span> <span class='ocrx_word' id='word_1_198' title='bbox 361 3085 393 3134; x_wconf 90' lang='grc'><strong><em>18</em></strong></span> <span class='ocrx_word' id='word_1_199' title='bbox 479 3076 671 3164; x_wconf 66' lang='grc' dir='ltr'><strong><em>λάνάσχου</em></strong></span> <span class='ocrx_word' id='word_1_200' title='bbox 665 3099 715 3136; x_wconf 81' lang='lat' dir='ltr'><strong><em>om.</em></strong></span> <span class='ocrx_word' id='word_1_201' title='bbox 714 3087 792 3162; x_wconf 38' lang='grc' dir='ltr'><strong><em>*ρει</em></strong></span> <span class='ocrx_word' id='word_1_202' title='bbox 826 3079 830 3144; x_wconf 93' lang='grc' dir='ltr'>Ι</span> <span class='ocrx_word' id='word_1_203' title='bbox 862 3078 913 3132; x_wconf 84' lang='grc' dir='ltr'><strong><em>καὶ</em></strong></span> <span class='ocrx_word' id='word_1_204' title='bbox 931 3097 983 3134; x_wconf 88' lang='lat' dir='ltr'><strong><em>om.</em></strong></span> <span class='ocrx_word' id='word_1_205' title='bbox 1001 3082 1097 3146; x_wconf 77' lang='lat' dir='ltr'>spanh</span> 
     </span>
     <span class='ocr_line' id='line_1_28' title="bbox 83 3140 1097 3230; baseline 0.001 -30"><span class='ocrx_word' id='word_1_206' title='bbox 83 3153 99 3200; x_wconf 80' lang='lat'><strong>3</strong></span> <span class='ocrx_word' id='word_1_207' title='bbox 117 3141 152 3199; x_wconf 86' lang='lat'><strong><em>05</em></strong></span> <span class='ocrx_word' id='word_1_208' title='bbox 146 3145 283 3230; x_wconf 44' lang='grc' dir='ltr'><strong><em>Ι,πρῶτον</em></strong></span> <span class='ocrx_word' id='word_1_209' title='bbox 301 3149 375 3217; x_wconf 81' lang='lat' dir='ltr'>Pet]</span> <span class='ocrx_word' id='word_1_210' title='bbox 396 3140 431 3202; x_wconf 79' lang='grc' dir='ltr'><strong><em>οὗ</em></strong></span> <span class='ocrx_word' id='word_1_211' title='bbox 449 3149 563 3214; x_wconf 82' lang='grc' dir='ltr'><strong><em>πρῶτον</em></strong></span> <span class='ocrx_word' id='word_1_212' title='bbox 581 3144 672 3214; x_wconf 86' lang='grc' dir='ltr'><strong><em>ν,οό</em></strong></span> <span class='ocrx_word' id='word_1_213' title='bbox 690 3149 745 3200; x_wconf 81' lang='grc' dir='ltr'><strong><em>νῦν</em></strong></span> <span class='ocrx_word' id='word_1_214' title='bbox 762 3145 874 3212; x_wconf 87' lang='grc' dir='ltr'><strong><em>πρῶτον</em></strong></span> <span class='ocrx_word' id='word_1_215' title='bbox 892 3149 960 3199; x_wconf 80' lang='lat' dir='ltr'>Rsk.</span> <span class='ocrx_word' id='word_1_216' title='bbox 982 3156 1010 3201; x_wconf 84' lang='lat' dir='ltr'><strong><em>et</em></strong></span> <span class='ocrx_word' id='word_1_217' title='bbox 1029 3149 1097 3201; x_wconf 86' lang='lat' dir='ltr'>Cob.</span> 
     </span>
    </p>

    <p class='ocr_par' dir='ltr' id='par_1_5' title="bbox 18 3207 1205 3621">
     <span class='ocr_line' id='line_1_29' title="bbox 18 3207 1098 3299; baseline 0.001 -33"><span class='ocrx_word' id='word_1_218' title='bbox 18 3262 34 3275; x_wconf 74' lang='lat'><strong><em>..</em></strong></span> <span class='ocrx_word' id='word_1_219' title='bbox 83 3219 98 3266; x_wconf 75' lang='lat'><strong>6</strong></span> <span class='ocrx_word' id='word_1_220' title='bbox 125 3207 217 3295; x_wconf 81' lang='grc' dir='ltr'><strong><em>ράτως</em></strong></span> <span class='ocrx_word' id='word_1_221' title='bbox 242 3218 361 3268; x_wconf 80' lang='lat' dir='ltr'><strong>Petavio</strong></span> <span class='ocrx_word' id='word_1_222' title='bbox 381 3223 461 3299; x_wconf 78' lang='lat' dir='ltr'>post</span> <span class='ocrx_word' id='word_1_223' title='bbox 477 3212 563 3282; x_wconf 75' lang='grc' dir='ltr'><strong><em>ἐσμεν</em></strong></span> <span class='ocrx_word' id='word_1_224' title='bbox 585 3220 681 3268; x_wconf 83' lang='lat' dir='ltr'>deesse</span> <span class='ocrx_word' id='word_1_225' title='bbox 708 3217 815 3266; x_wconf 79' lang='lat' dir='ltr'>videtur</span> <span class='ocrx_word' id='word_1_226' title='bbox 824 3214 850 3294; x_wconf 90' lang='grc'>1</span> <span class='ocrx_word' id='word_1_227' title='bbox 883 3211 916 3266; x_wconf 82' lang='grc' dir='ltr'><strong><em>τὸ</em></strong></span> <span class='ocrx_word' id='word_1_228' title='bbox 942 3216 1004 3267; x_wconf 82' lang='lat' dir='ltr'>add.</span> <span class='ocrx_word' id='word_1_229' title='bbox 1031 3218 1098 3268; x_wconf 80' lang='lat' dir='ltr'>Rsk.</span> 
     </span>
     <span class='ocr_line' id='line_1_30' title="bbox 83 3273 1158 3365; baseline 0.001 -33"><span class='ocrx_word' id='word_1_230' title='bbox 83 3277 295 3350; x_wconf 85' lang='grc' dir='ltr'><strong><em>8άσεβήμασιν</em></strong></span> <span class='ocrx_word' id='word_1_231' title='bbox 315 3282 350 3352; x_wconf 88' lang='lat' dir='ltr'><strong><em>V]</em></strong></span> <span class='ocrx_word' id='word_1_232' title='bbox 369 3278 530 3351; x_wconf 78' lang='grc' dir='ltr'><strong><em>άαεβήμασι</em></strong></span> <span class='ocrx_word' id='word_1_233' title='bbox 593 3290 622 3335; x_wconf 92' lang='lat' dir='ltr'><strong><em>ll</em></strong></span> <span class='ocrx_word' id='word_1_234' title='bbox 641 3277 798 3365; x_wconf 86' lang='grc' dir='ltr'><strong><em>ὀνομάσας]</em></strong></span> <span class='ocrx_word' id='word_1_235' title='bbox 817 3273 1007 3342; x_wconf 83' lang='grc' dir='ltr'><strong><em>ὀνοτάσαςΒ.</em></strong></span> <span class='ocrx_word' id='word_1_236' title='bbox 1024 3284 1098 3333; x_wconf 82' lang='lat' dir='ltr'>Frie-</span> <span class='ocrx_word' id='word_1_237' title='bbox 1155 3334 1158 3339; x_wconf 71' lang='grc'><strong><em>,</em></strong></span> 
     </span>
     <span class='ocr_line' id='line_1_31' title="bbox 84 3349 1098 3416; baseline 0.002 -16"><span class='ocrx_word' id='word_1_238' title='bbox 84 3353 178 3402; x_wconf 81' lang='grc' dir='ltr'><strong><em>(λειίολι</em></strong></span> <span class='ocrx_word' id='word_1_239' title='bbox 250 3355 317 3402; x_wconf 78' lang='grc' dir='ltr'><strong><em>13ει</em></strong></span> <span class='ocrx_word' id='word_1_240' title='bbox 328 3355 361 3403; x_wconf 81' lang='lat'><strong><em>14</em></strong></span> <span class='ocrx_word' id='word_1_241' title='bbox 373 3371 411 3404; x_wconf 86' lang='grc' dir='ltr'><strong><em>ιω</em></strong></span> <span class='ocrx_word' id='word_1_242' title='bbox 401 3351 493 3404; x_wconf 79' lang='grc' dir='ltr'><strong><em>κυνὶ</em></strong></span> <span class='ocrx_word' id='word_1_243' title='bbox 516 3390 625 3406; x_wconf 88' lang='grc'><strong>.......</strong></span> <span class='ocrx_word' id='word_1_244' title='bbox 647 3349 906 3416; x_wconf 75' lang='grc' dir='ltr'><strong><em>μύθονςλλελρει</em></strong></span> <span class='ocrx_word' id='word_1_245' title='bbox 986 3354 1018 3402; x_wconf 86' lang='grc'><strong><em>15</em></strong></span> <span class='ocrx_word' id='word_1_246' title='bbox 1036 3351 1098 3402; x_wconf 89' lang='grc' dir='ltr'><strong><em>δια-</em></strong></span> 
     </span>
     <span class='ocr_line' id='line_1_32' title="bbox 83 3409 1205 3485; baseline 0.003 -18"><span class='ocrx_word' id='word_1_247' title='bbox 83 3416 189 3478; x_wconf 82' lang='grc' dir='ltr'><strong><em>εκευάς</em></strong></span> <span class='ocrx_word' id='word_1_248' title='bbox 210 3420 240 3470; x_wconf 87' lang='lat' dir='ltr'><strong><em>in</em></strong></span> <span class='ocrx_word' id='word_1_249' title='bbox 258 3420 282 3467; x_wconf 92' lang='lat' dir='ltr'>V</span> <span class='ocrx_word' id='word_1_250' title='bbox 300 3421 410 3471; x_wconf 75' lang='lat' dir='ltr'>videtur</span> <span class='ocrx_word' id='word_1_251' title='bbox 433 3424 482 3473; x_wconf 80' lang='lat' dir='ltr'><strong><em>sub</em></strong></span> <span class='ocrx_word' id='word_1_252' title='bbox 506 3422 618 3471; x_wconf 76' lang='lat' dir='ltr'><strong>macula</strong></span> <span class='ocrx_word' id='word_1_253' title='bbox 640 3421 771 3482; x_wconf 63' lang='lat' dir='ltr'><strong>latero„</strong></span> <span class='ocrx_word' id='word_1_254' title='bbox 798 3427 916 3485; x_wconf 78' lang='lat' dir='ltr'>...,pet</span> <span class='ocrx_word' id='word_1_255' title='bbox 940 3409 1099 3477; x_wconf 70' lang='grc' dir='ltr'><strong><em>ὑποθέσεις</em></strong></span> <span class='ocrx_word' id='word_1_256' title='bbox 1203 3432 1205 3437; x_wconf 78' lang='grc'>’</span> 
     </span>
     <span class='ocr_line' id='line_1_33' title="bbox 84 3486 1098 3563; baseline 0.003 -28"><span class='ocrx_word' id='word_1_257' title='bbox 84 3488 180 3563; x_wconf 70' lang='grc' dir='ltr'><strong><em>ερειιλι.</em></strong></span> <span class='ocrx_word' id='word_1_258' title='bbox 240 3490 356 3538; x_wconf 67' lang='lat'><em>150516</em></span> <span class='ocrx_word' id='word_1_259' title='bbox 374 3487 446 3540; x_wconf 83' lang='grc' dir='ltr'><strong><em>εἴτι</em></strong></span> <span class='ocrx_word' id='word_1_260' title='bbox 464 3489 532 3540; x_wconf 78' lang='grc' dir='ltr'><strong><em>Ηελι.</em></strong></span> <span class='ocrx_word' id='word_1_261' title='bbox 550 3489 576 3538; x_wconf 93' lang='lat' dir='ltr'>H</span> <span class='ocrx_word' id='word_1_262' title='bbox 595 3486 674 3553; x_wconf 85' lang='lat' dir='ltr'>Cob]</span> <span class='ocrx_word' id='word_1_263' title='bbox 694 3487 781 3546; x_wconf 81' lang='grc' dir='ltr'><strong><em>εἴτις</em></strong></span> <span class='ocrx_word' id='word_1_264' title='bbox 852 3490 883 3539; x_wconf 86' lang='grc'><strong><em>16</em></strong></span> <span class='ocrx_word' id='word_1_265' title='bbox 901 3488 1028 3553; x_wconf 80' lang='grc' dir='ltr'><strong><em>μνθο...</em></strong></span> <span class='ocrx_word' id='word_1_266' title='bbox 1039 3489 1098 3546; x_wconf 83' lang='grc' dir='ltr'><strong><em>,ίας</em></strong></span> 
     </span>
     <span class='ocr_line' id='line_1_34' title="bbox 83 3546 818 3621; baseline 0.005 -19"><span class='ocrx_word' id='word_1_267' title='bbox 83 3553 115 3616; x_wconf 86' lang='grc' dir='ltr'><strong><em>λλ,</em></strong></span> <span class='ocrx_word' id='word_1_268' title='bbox 134 3546 245 3620; x_wconf 83' lang='grc' dir='ltr'><strong><em>μύθο..</em></strong></span> <span class='ocrx_word' id='word_1_269' title='bbox 255 3554 333 3615; x_wconf 72' lang='grc' dir='ltr'><strong><em>νίας</em></strong></span> <span class='ocrx_word' id='word_1_270' title='bbox 351 3563 405 3621; x_wconf 78' lang='lat' dir='ltr'><strong><em>pet</em></strong></span> <span class='ocrx_word' id='word_1_271' title='bbox 475 3560 508 3607; x_wconf 82' lang='lat'><strong><em>23</em></strong></span> <span class='ocrx_word' id='word_1_272' title='bbox 527 3555 629 3621; x_wconf 80' lang='grc' dir='ltr'><strong><em>φάναι,</em></strong></span> <span class='ocrx_word' id='word_1_273' title='bbox 648 3563 679 3606; x_wconf 77' lang='lat' dir='ltr'><strong><em>ut</em></strong></span> <span class='ocrx_word' id='word_1_274' title='bbox 697 3555 779 3618; x_wconf 71' lang='grc' dir='ltr'><strong><em>εολελ,</em></strong></span> <span class='ocrx_word' id='word_1_275' title='bbox 794 3557 818 3606; x_wconf 78' lang='lat' dir='ltr'>V</span> 
     </span>
    </p>
   </div>
   <div class='ocr_carea' id='block_1_5' title="bbox 0 0 1231 3870">
    <p class='ocr_par' dir='ltr' id='par_1_6' title="bbox 0 0 1231 3870">
     <span class='ocr_line' id='line_1_35' title="bbox 0 0 1231 3870; baseline 0 0"><span class='ocrx_word' id='word_1_276' title='bbox 0 0 1231 3870; x_wconf 95' lang='lat' dir='ltr'><strong><em> </em></strong></span> 
     </span>
    </p>
   </div>
  </div>
 </body>
</html>
