2416 3864
167 116 168 119 ’
217 143 398 196 merone
416 143 466 194 An
485 143 513 195 s,
533 144 564 195 Ρ.
583 145 617 206 ο.
635 144 907 196 ATHENIENSEM.
1018 143 1082 209 349

64 269 83 342 ὁ
120 269 443 358 φιλανθρωπότατος
475 261 575 351 οὗτος
610 267 767 357 βασιλεύς
803 265 858 339 οἷα
894 272 1081 361 εἰργάσατο,

65 379 101 460 ἓξ
129 376 191 464 μὲν
209 373 370 458 άνευιούς
396 378 480 463 ἐμοῦ
497 403 532 445 τε
550 377 607 445 καλ
625 378 758 463 ἑαυτοῦ,
786 379 910 466 πατέρα
934 378 971 446 δὲ
989 379 1099 466 ἐμόν,

66 485 191 557 ἑαυτοῦ
219 481 256 551 δέ
274 492 384 568 θεῖον,
411 483 467 552 καλ
484 481 621 571 προσέτι
638 480 757 552 κοινὸν
784 485 898 571 ἕτερον
920 482 981 553 τὸυ
999 480 1082 573 πρὸς
1100 499 1124 551 Ι)

64 588 190 678 πατρὸς
229 598 328 658 θεῖον
369 585 519 676 άδελφύν
558 615 595 657 τε
631 588 713 677 ἐμὸν
752 587 813 660 τὸν
852 589 1082 678 πρεσβύτατον

35 693 223 784 εάκρῖτους
253 700 401 781 κτείνας,
433 694 489 782 ἐμὲ
521 694 559 764 δὲ
590 697 646 764 καὶ
673 697 788 785 ἕτερον
820 692 969 782 άδελφδν
1000 694 1082 783 ἐμὸν

64 801 229 890 ἐθελήσας
256 799 317 888 μὲν
344 815 480 888 κτεῖναι,
507 803 600 882 τέλος
619 800 657 870 δέ
675 798 843 890 ἐπιβαλὼν
870 802 995 890 φυγήν,
1023 799 1078 890 ἀφ’

65 899 107 995 ἧς
133 906 190 996 ἐμὲ
217 905 279 995 μὲν
306 903 451 994 ἀφῆκεν,
479 909 609 976 ἐκεῖνον
636 906 675 976 δὲ
702 904 806 998 ύλίγςο
832 909 996 997 πρότερον
1022 913 1082 997 τῆς

65 1016 199 1102 σφαγῆς
226 1012 390 1102 ἐρρύσατο
417 1011 454 1082 τὸ
482 1016 543 1082 τού
561 1019 732 1102 Καίσαρος
759 1011 877 1102 ὄνομα,
904 1021 940 1084 τί
963 1042 1003 1102 με
1031 1022 1085 1084 δεῖ

63 1123 132 1188 νύν
160 1116 270 1208 ὥσπερ
298 1122 334 1187 ἐκ
365 1125 553 1248 τραγωδίας
579 1118 620 1188 τά
648 1117 774 1209 άρρητα
807 1117 1080 1210 άναμετρεῖσθαι;

13 1255 51 1294 Ιιο
65 1227 261 1315 μετεμέλησε
280 1223 345 1312 γάρ
363 1222 466 1316 αύτῷ,
494 1231 589 1312 φασί,
607 1228 664 1296 καὶ
682 1225 808 1314 ἐδήχθη
827 1225 998 1314 δεινῶς,’
979 1254 1075 1297 απαι-
1082 1247 1132 1295 271
1190 1239 1192 1249 ⁴

65 1337 146 1401 δίαν
173 1357 208 1400 τε
236 1333 395 1400 ἐντεῦθεν
427 1338 551 1419 νομίζει
584 1338 795 1461 δυστυχεῖν,
809 1334 849 1401 τά
875 1361 910 1402 τε
942 1336 976 1415 ἐς
1002 1333 1090 1415 τούς

63 1443 245 1524 πολεμίους
280 1433 360 1517 τούς
396 1439 530 1527 Πέρσας
567 1435 629 1507 ούκ
666 1436 813 1527 εύτυχοις
853 1439 1010 1529 πράττειν
1046 1443 1083 1509 ἐκ

64 1544 197 1613 τούτων
228 1538 469 1630 ὑπολαμβάνει.
513 1547 617 1612 ταῦτα
650 1545 820 1633 ἐθρύλουν
853 1550 889 1615 ολ
912 1548 987 1635 περὶ
1019 1542 1082 1633 τὴν
1151 1627 1152 1631 ¹

66 1647 176 1737 αύλὴν
202 1649 277 1718 τότε
294 1649 351 1717 καλ
369 1648 429 1717 τὸν
456 1656 643 1738 μακαρίτην
661 1647 811 1736 ἀδελφὸν
838 1648 921 1738 ἐμὸν
941 1652 1081 1733 Γάλλον,

24 1782 52 1824 15
67 1758 168 1824 τούτο
195 1757 262 1823 νύν
288 1756 422 1843 πρῶτον
450 1752 618 1825 ἀκούοντα
645 1754 682 1825 τὸ
711 1754 831 1842 ὄνομα·
860 1763 990 1838 κτείνας
1016 1755 1081 1844 γάρ

65 1858 174 1930 αύτὸν
201 1859 290 1950 παρά
320 1858 402 1942 τούς
417 1861 555 1949 νόμους
586 1858 668 1931 ούδδ
693 1865 762 1930 τῶν
794 1862 958 1954 πατρῴων
985 1891 1081 1950 μετα-

65 1977 181 2055 λαχεῖν
208 1977 299 2036 εῖασε
315 1967 435 2055 τάφων
453 1965 535 2037 ούδέ
552 1971 611 2056 τῆς
633 1965 779 2054 εύαγούς
805 1965 925 2054 ἠξίωσε
943 1969 1082 2056 μνήμης.

66 2071 150 2161 ὅπερ
177 2063 242 2142 ούν
270 2069 368 2160 ἐφην,
396 2079 511 2160 ἐλεγον
537 2077 683 2143 τοσαύτα
710 2075 767 2143 καὶ
790 2071 832 2162 δὴ
861 2075 916 2143 καὶ
944 2079 1118 2144 ἔπειθονΒ

66 2175 170 2266 ὑμᾶς,
203 2176 254 2248 ὅτι
284 2177 326 2247 τά
358 2179 419 2267 μὲν
452 2177 636 2267 ἀπατηθεὶς
667 2180 843 2270 εἰργάσατο
850 2233 860 2266 ,
891 2178 932 2248 τά
960 2179 998 2249 δέ
1024 2187 1082 2271 βίᾳ

24 2314 52 2354 νο
66 2287 124 2355 καὶ
150 2299 309 2374 ταραχαῖς
335 2288 424 2367 εῖξας
443 2283 587 2356 ἀτάκτου
610 2288 666 2357 καὶ
684 2286 901 2376 ταραχώδους
927 2288 1082 2376 στρατεύ-

65 2417 178 2480 ματος.
223 2394 370 2460 τοσαύτα
402 2389 483 2480 ἡμῖν
510 2395 636 2481 ἐπῇδον
668 2396 705 2462 ἐν
732 2390 824 2485 άγρῷ
856 2421 923 2462 τινι
949 2397 1019 2462 τῶν
1047 2396 1084 2463 ἐν

65 2502 292 2587 Καππαδοκία
310 2500 646 2587 κατακεκλεισμένοις,
665 2496 789 2569 οὐδένα
807 2502 926 2580 ἐῶντες
943 2510 1083 2590 προσελ-
1165 2577 1172 2596 x

65 2614 161 2690 θεῖν,
193 2600 254 2672 τὸν
280 2602 342 2711 μὲν
375 2601 439 2674 άπὸ
558 2608 668 2692 φυγῆς
700 2603 1000 2693 ἀνακαλεσάμενοι,
1028 2606 1083 2693 ἐμὲ

139 2829 353 2920 1ολαοοο.“]οι
423 2830 694 2905 2ἐμύν1τονέμόυ
711 2841 747 2902 Η,
766 2846 797 2890 οι
815 2841 899 2891 273ss
968 2833 1083 2905 8ἐρρύ-
1151 2835 1153 2839 ’

68 2898 201 2972 σατο]’
187 2897 327 2970 ερρύοατο
357 2898 426 2958 ούδέ
454 2906 522 2956 Oeb.
563 2906 632 2956 Mihi
667 2877 784 2970 ἐξέδύσε
818 2908 943 2958 Iulianus
972 2908 1084 2957 videtur

67 2974 223 3054 scripsisse.
246 2973 305 3051 ⁹01⁴.
323 2975 410 3024 272A
429 2980 457 3024 et
479 2974 579 3024 Zoeim.
599 2977 623 3038 2,
642 2976 675 3024 55
693 2973 744 3037 τῆς
764 2968 860 3040 (τὴνῖ)
878 2973 929 3026 τού
947 2975 1084 3038 καίσαρος

67 3033 169 3093 ε’κδύει
192 3038 276 3106 τιμῆς
299 3036 441 3106 (τιμήνῖ).
477 3042 516 3091 Ae
533 3041 665 3092 Petaviue
683 3043 779 3092 vertit:
801 3044 912 3105 fratrem
929 3058 988 3092 vere
1005 3046 1084 3106 γααῖο

67 3110 206 3173 antequam
229 3110 397 3174 γὐραῖανυιατ
421 3110 542 3160 Caesaris
570 3125 659 3159 nomen
681 3110 783 3164 ταταιῖι,
869 3112 886 3159 9
908 3107 1082 3179 τραγῳδίας]

66 3176 132 3226 Eur.
151 3174 242 3226 Orest.
262 3178 294 3225 14
381 3178 413 3227 10
435 3167 654 3238 άπαιδείανν,
684 3173 728 3235 εἰς
748 3169 892 3228 ἀπαιδίαν
914 3177 1084 3227 Rsk.12
1135 3187 1136 3190 ’

68 3236 137 3322 τούς
160 3239 274 3322 Πέρσας
295 3243 445 3294 deleverim
532 3245 563 3294 13
586 3213 731 3308 ἐθρύλουν
754 3243 806 3310 Η]
820 3237 981 3309 ἐθρύλλουν
1052 3245 1084 3294 le

66 3302 190 3376 ὑμᾶς]
172 3308 259 3375 ημᾶς,
262 3311 601 3458 ριιοδΡῖῖονίυενετῖίι,
616 3309 782 3361 melimeum
796 3312 911 3364 Reiskio
964 3314 1005 3361 21
1014 3303 1085 3376 ύμῖν

722 3395 737 3428 τ

67 3451 126 3524 pet.
196 3446 230 3495 23
258 3416 316 3496 άπὸ
323 3461 393 3524 τροι
421 3443 517 3523 φυγῆς
539 3443 576 3511 V]
606 3436 665 3495 άπὸ
688 3461 742 3510 τροι
772 3445 866 3514 φυγῆς
890 3452 945 3513 pet.
968 3447 1083 3498 Fuitne

68 3503 128 3562 άπὸ
148 3510 198 3576 τῆς
217 3505 250 3563 ἐν
270 3504 410 3580 Τράλλεσι
431 3511 547 3578 φυγῆςῖ
