2446 3870
148 156 212 220 252
451 156 593 207 ῐοοῐιαι
610 153 862 206 ιυεοαινοιιιε

149 304 263 371 μασιν,
291 282 442 351 ἐνταῦθά
468 307 536 350 που
563 280 600 350 τὸ
624 278 839 370 εὐδαιμονεῖν
866 282 1165 368 πολυπραγμονού-

150 410 214 458 σιν.
260 389 330 458 ἐπεὶ
358 387 396 458 δὲ
428 384 509 475 ἡμῖν
541 384 644 457 οὐδέν
671 414 702 455 τι
734 391 949 477 παραπλησία
981 383 1072 474 ψυχὴ
1101 401 1166 468 τοῖς

150 493 263 576 άλλοις
290 496 488 583 ένέσπαρται
514 492 618 586 ζῴοις,
647 491 718 563 ἀλλ’
749 502 813 562 είτε
841 490 914 562 κατ’
945 489 1068 561 ούσίαν
1096 499 1165 561 δια-

150 604 302 691 φέρουσα
330 609 395 669 είτε
414 597 516 691 ούσίμ
543 599 605 688 μὲν
624 597 821 688 ἀδιάφορος,
850 601 1000 688 ἐνεργείᾳ
1025 597 1062 666 δέ
1081 599 1166 688 μόνη

149 713 320 797 κρείττων,
349 704 459 796 ὥσπερ
488 703 582 795 οἶμαι
608 704 645 776 τό
664 703 820 796 καθαρόν
846 703 912 794 ἤδη
939 710 1084 794 χρυσίον
1108 708 1189 774 τούι

151 801 449 904 συμπεφυρμένον
467 816 507 903 τῇ
538 812 677 905 ψάμμῳ·
714 813 841 899 λέγεται
879 809 942 901 γάρ
979 813 1035 879 καί
1070 803 1166 893 οὗτος

151 916 169 989 ό
206 920 305 1006 λόγος
340 921 415 1009 περὶ
451 922 510 1008 της
549 923 659 1008 ψυχῆς
695 914 740 999 ως
775 915 905 1006 άληθης
941 913 1008 986 ύπό
1045 938 1166 986 τινων·

106 1040 131 1093 D
150 1022 243 1114 ἡμεῖς
270 1023 312 1114 δὴ
332 1017 396 1095 οὖν
419 1023 532 1115 ἐπειδὴ
560 1026 723 1115 σύνισμεν
741 1020 856 1105 αὑτοῖς
884 1014 960 1093 οόσι
988 1026 1057 1092 τῶν
1077 1024 1167 1116 ζῴων

150 1133 395 1222 ξυνετωτέροις·
423 1130 507 1201 κατὰ
525 1130 589 1222 γάρ
616 1129 676 1202 τὸν
694 1130 924 1220 Πρωταγόρου
948 1133 1064 1218 μῦθον
1088 1133 1167 1200 έκεί-

149 1266 223 1319 νοις
250 1236 311 1325 μέν
338 1234 358 1326 ἡ
388 1237 490 1325 φύσις
518 1234 628 1327 ὥσπερ
655 1237 763 1326 μήτηρ
791 1234 878 1324 άγαν
902 1242 1086 1325 φιλοτίμως
1112 1239 1166 1306 καὶ
1179 1261 1198 1300 ιο

150 1341 392 1431 μεγαλοδύρως
418 1344 649 1431 προσηνέχθη,
682 1338 764 1431 ἡμῖν
792 1343 830 1412 δέ
862 1339 938 1412 άντὶ
969 1343 1108 1411 πάντων
1135 1346 1169 1412 έκ

149 1446 235 1529 Διὸς
263 1444 281 1517 ό
315 1451 398 1530 νοῦς
429 1449 550 1539 ἐδόθη·
582 1448 644 1538 την
676 1446 897 1538 εὐδαιμονίαν
929 1450 1081 1518 ἐνταῦθα
1113 1460 1168 1519 θε-

151 1556 238 1642 τέον,
267 1557 304 1623 έν
331 1557 377 1647 τῷ
397 1561 562 1648 κρατίστω
588 1557 644 1625 καὶ
664 1555 917 1647 σπουδαιοτάτςο
935 1558 1005 1623 τόν
1024 1557 1063 1624 έν
1082 1551 1167 1645 ἡμῖν.

151 1660 267 1731 σκόπει
298 1661 357 1751 δή,
388 1661 510 1751 ταύτης
542 1668 573 1733 εί
603 1660 648 1750 μη
682 1661 823 1751 μάλιστα
855 1665 913 1750 τῆς
944 1664 1168 1750 προαιρέσεως

150 1761 193 1857 ἦν
220 1770 402 1856 Διογένης,
436 1765 473 1851 ὃς
498 1766 536 1838 τό
569 1769 631 1858 μέν
664 1771 758 1858 σῶμα
790 1783 860 1849 τοῖς
891 1767 1010 1847 πόνοις
1042 1765 1166 1857 άνέδην
1178 1791 1200 1831 15

150 1889 316 1964 παρεῖχεν,
344 1879 402 1945 ’ίνα
429 1872 511 1945 αὐτὸ
536 1878 594 1964 της
621 1876 755 1964 φύσεως
782 1875 1054 1963 ῥωμαλεώτερον
1069 1901 1166 1946 κατα-

99 1981 271 2072 ιθοστήση,
298 1981 455 2072 πράττειν
483 1982 520 2051 δέ
542 1979 639 2069 ἠξίου
666 1982 774 2072 μόνον
801 1976 909 2049 ὁπόσα
938 1976 981 2049 διν
1009 1984 1104 2071 φανῇ
1122 1983 1166 2072 τῷ

151 2089 240 2179 λόγῳ
267 2090 423 2178 πρακτέα,
450 2087 530 2170 τοὺς
558 2088 595 2158 δέ
622 2091 659 2157 έκ
676 2090 738 2157 τοῦ
766 2087 918 2175 σώματος
945 2090 1167 2175 ἐμπίπτοντας
1200 2101 1202 2105 ’

119 2207 122 2211 ’
151 2198 192 2282 τῇ
228 2198 318 2283 ψυχῇ
354 2194 544 2284 θορύβους,
582 2189 637 2263 οἷα
672 2194 829 2275 πολλάκις
866 2189 951 2281 ἡμᾶς
992 2189 1168 2280 ἀναγκάζει

151 2300 244 2368 τουτί
275 2299 313 2367 τὸ
340 2306 571 2388 περικείμενον
598 2297 706 2369 αύτού
737 2299 835 2390 χάριν
861 2308 1169 2388 πολυπραγμονεῖν,
1181 2324 1204 2364 ιο

152 2401 233 2472 οὐδὲ
260 2406 297 2472 έν
329 2405 420 2494 μέρει
451 2411 616 2495 προσίετο.
662 2402 728 2475 ὑπὸ
757 2406 794 2475 δέ
821 2406 943 2494 ταύτης
974 2409 1033 2493 τη”ς
1067 2403 1169 2494 άσκή·

152 2529 235 2590 σεως
263 2505 280 2579 ό
310 2508 396 2600 ἀνὴρ
425 2508 514 2580 οὕτω
542 2511 604 2600 μὲν
632 2518 727 2606 ἔσχεν
745 2509 904 2602 άνδρεῖου
931 2509 969 2580 τὸ
999 2514 1095 2600 σῶμα
1125 2508 1171 2594 ὡς

152 2612 265 2697 οὐδεὶς
301 2615 394 2705 οἶμαι
430 2620 500 2700 τῶν
539 2616 618 2700 τούς
655 2625 855 2706 στεφανίτας
896 2616 1169 2706 ἀγωνισαμένων,

111 2719 241 2791 Βούτω
268 2722 306 2791 δέ
334 2725 467 2813 διετέθη
494 2723 557 2813 τὴν
575 2725 699 2814 ψυχήν,
728 2723 812 2797 ὥστε
830 2721 1055 2813 εὐδαιμονεῖν,
1085 2721 1170 2794 ὥστε

150 2829 340 2917 βασιλεύειν
373 2827 475 2900 οὐδέν
507 2837 658 2919 ἔλαττον,
691 2837 723 2901 εί
747 2829 791 2922 μη
823 2833 879 2900 καλ
911 2833 1028 2917 πλέον,
1063 2826 1108 2912 ὡς
1136 2835 1171 2900 οί
1181 2854 1205 2917 ²⁵.

149 2935 224 3013 τότε
260 2937 426 3006 εἰώθεσαν
457 2939 566 3025 λέγειν
590 2936 762 3027 Ἕλληνες,
799 2940 861 3007 τού
892 2937 1039 3029 μεγάλου
1072 2944 1168 3024 βασι·
1206 2924 1208 2928 ,

150 3044 246 3131 λέως,
282 3042 342 3114 τὸν
374 3045 510 3135 Πέρσην
546 3046 707 3133 λέγοντες.
758 3036 823 3134 άρά
860 3064 914 3113 σοι
950 3041 1052 3135 μικρά
1090 3050 1169 3132 φαί-

150 3175 242 3228 νεται
269 3147 357 3241 ἀνὴρ

223 3270 373 3362 Ἄπολις,
401 3272 530 3362 άοικος,
558 3279 719 3364 πατρίδος
746 3275 976 3363 ἐστερημένος,

218 3459 234 3508 9
253 3457 324 3509 Plat.
342 3459 454 3525 Protag.
473 3462 560 3511 3201)
647 3461 678 3510 16
704 3449 776 3511 αύτό
795 3459 825 3510 Β.
843 3453 1016 3522 Friederich]
1036 3446 1109 3508 αύτό
1128 3450 1171 3509 τὸ.

149 3522 191 3574 οι,
211 3525 280 3574 ειη.
301 3525 404 3576 comm.
424 3527 460 3582 11,
480 3531 502 3590 1,
522 3530 554 3577 ει
624 3530 658 3578 ιε
675 3517 766 3579 οὐδὲν
786 3525 822 3594 Η]
841 3516 934 3578 οὐδὲν
1003 3526 1036 3575 ιο
1055 3525 1100 3579 οι.
1119 3527 1170 3576 εει
