2446 3870
480 177 667 229 omov.
1017 176 1082 242 229

1 293 3 296 ¹
64 308 203 384 δικαίως
229 298 273 371 άν
301 299 381 392 ἡμῖν
408 312 456 386 είς
482 330 516 373 τε
535 301 593 385 τάς
619 301 720 386 άλλας
746 309 859 393 χρείας
885 306 1080 394 έπικουροίη

62 411 119 478 καὶ
146 409 212 498 πρό
240 436 278 495 γε
310 412 379 478 τόν
406 407 518 479 ἄλλων
545 412 579 491 ές
609 416 824 499 τιμητηρίους
850 417 983 491 θυσίας.
1034 406 1082 493 εἷς

63 508 125 603 μὲν
157 513 194 584 δι’
228 515 328 603 λόχος
359 507 473 598 οὗτος,
506 512 552 585 δι’
582 512 624 584 ὃν
651 513 715 586 οὐκ
747 515 840 605 οἶμαι
872 522 945 586 δεῖν
978 516 1082 604 ἰχθὺν

63 625 102 692 έν
129 617 267 708 ἁγνείας
293 625 398 713 καιρῷ
425 623 679 711 προσφέρεσθαι
706 623 845 712 τροφήν.
895 625 1005 712 ἕτερος
1032 624 1081 709 δέ,

37 725 105 801 τόν
131 729 188 796 καὶ
216 731 343 815 μᾶλλον
369 724 518 816 ἡγοῦμαι
544 743 615 810 τοῖς
636 731 888 818 προειρημένοις
915 724 1080 818 ἁρμόζειν,

64 832 115 903 ὅτι
146 833 274 923 τρόπον
305 833 381 903 τινὰ
412 835 468 903 καὶ
501 831 600 903 αὐτοὶ
631 832 714 904 κατὰ
745 838 807 904 τοῦ
839 838 954 922 βυθοῦ
982 840 1081 904 δεδυ-

63 941 158 1021 κότες
184 937 253 1009 εἶεν
280 936 324 1008 ἂν
341 940 561 1030 χθονιεότεροι
587 944 656 1009 τῶν
676 941 882 1029 σπερμάτων,
911 937 929 1010 ό
953 940 992 1009 δὲ
1010 943 1121 1011 ἐπι-Β

63 1048 187 1134 θνμῶν
215 1043 403 1135 ἀναπτῆναι
430 1047 486 1116 καὶ
514 1048 676 1135 μετέωρος
699 1043 783 1136 ὑπὲρ
809 1046 871 1115 τὸν
897 1044 980 1136 άέρα
998 1046 1082 1135 πρὸς

64 1149 170 1233 αὐτάς
197 1149 348 1239 οὐρανοῦ
375 1156 497 1241 πτῆναι
515 1151 670 1242 κορυφὰς
696 1159 832 1234 θικαίως
851 1149 894 1222 biv
921 1150 1081 1239 ἀποστρέ-

25 1294 51 1332 10
64 1285 165 1345 φοιτο
191 1258 301 1328 πάντα
327 1256 368 1328 τὰ
394 1262 543 1345 τοιαῦτα,
570 1261 727 1347 μεταθίοι
750 1258 788 1328 δὲ
806 1261 862 1328 καὶ
890 1260 1081 1348 μετατρέχοι

63 1362 103 1432 τά
129 1363 308 1452 τεινόμενα
332 1364 416 1453 πρὸς
441 1364 503 1434 τὸν
529 1362 611 1455 νἰέρα
638 1366 694 1435 καὶ
722 1365 912 1435 σπεύδοντα
939 1363 1024 1455 πρὸς
1041 1365 1079 1434 τὸ

64 1468 206 1551 άναντες
237 1476 308 1557 καί,
340 1475 397 1539 ἵνα
428 1498 460 1539 τι
492 1473 548 1539 καὶ
580 1470 754 1560 ποιητικὸν
781 1481 878 1557 είπω,
910 1469 994 1560 πρὸς
1020 1469 1082 1540 τὸν

65 1573 217 1663 οὐρανὸν
257 1572 397 1666 ὁρῶντα.
452 1574 585 1665 όρνισιν
626 1569 691 1646 οὖν
731 1579 895 1665 ἐπιτρέπει
935 1580 1082 1666 χρῆσθαι

64 1678 154 1769 πλὴν
181 1677 315 1770 ὀλίγων,
343 1679 403 1764 οὓς
422 1681 534 1772 ίεροῦς
560 1681 648 1752 εἶναι
666 1683 774 1772 πάντῃ
801 1685 1000 1771 συμβέβηκε,
1024 1683 1081 1751 καλ

22 1824 50 1862 15
64 1790 132 1855 τῶν
167 1789 382 1877 τετραπόδων
419 1803 492 1875 τοϊς
528 1789 715 1877 συνήθεσιν
755 1792 816 1870 ἔξω
857 1792 919 1856 τοῦ
955 1795 1081 1877 χοίρου.

65 1896 186 1963 τοῦτον
214 1894 251 1962 δὲ
279 1891 324 1976 ὡς
351 1894 493 1983 χθόνιον
519 1895 627 1983 πάντη
655 1897 770 1984 μορφῇ
796 1921 831 1963 τε
858 1894 914 1963 καὶ
941 1898 988 1984 τῷ
1015 1901 1120 1984 βίωθ

63 2000 119 2068 καὶ
152 1997 244 2091 αὐτῷ
276 2004 322 2092 τῷ
354 2003 412 2088 τῆς
444 1999 562 2083 οὐσίας
593 2001 695 2095 λόγω·
732 1999 1009 2090 περιττωματικός
1045 2026 1080 2067 τε

63 2104 127 2195 μὰρ
160 2108 218 2175 καὶ
248 2105 357 2194 παχὺς
391 2105 454 2195 τὴν
485 2106 605 2195 σάρκα·
642 2109 701 2195 τῆς
733 2109 823 2196 ίεράς
859 2102 1080 2193 άποκηρύττεὶ

64 2215 200 2300 τροφῆς.
255 2197 357 2299 φίλόν
397 2212 461 2303 γάρ
503 2212 590 2282 εἶναι
629 2218 842 2283 πεπίστευται
878 2211 974 2300 θΐιμα
1010 2225 1081 2292 τοῖς

23 2355 49 2394 ω
63 2324 219 2406 χθονίοις
249 2328 344 2400 θεοῖς
376 2316 439 2389 οὐκ
471 2316 661 2402 ἀπεικότως.
711 2317 859 2388 ἀθέατον
890 2318 955 2408 γάρ
992 2320 1082 2386 ἐστιν

64 2421 219 2513 οὐρανοῦ
250 2426 343 2494 τουτὶ
371 2423 409 2494 τὸ
443 2429 543 2516 ζῷον,
576 2423 618 2495 οό
650 2426 758 2515 μόνον
790 2423 832 2494 οὐ
860 2425 1081 2514 βουλόμενον,

63 2526 136 2598 ἀλλ’
150 2586 154 2591 .
168 2526 250 2599 οὐδὲ
267 2529 417 2618 πεφυκὸς
444 2529 630 2620 ἀναβλέψαι
647 2533 736 2602 ποτέ.
772 2531 929 2613 τοιαύτας
954 2530 1016 2619 μέν
1038 2530 1081 2618 δὴ

63 2641 174 2718 αἰτίας
205 2632 289 2726 ὑπὲρ
319 2640 379 2724 τῆς
410 2633 537 2727 άποχῆς
570 2629 619 2706 τόν
650 2635 832 2727 ἀπέχεσθαι
865 2642 919 2706 δεῖ
948 2646 1082 2725 είρηκεν

63 2737 81 2809 ὁ
119 2752 215 2823 θεῖος
250 2743 389 2830 θεσμός·
426 2747 463 2813 οί
496 2746 662 2826 ξυνιέντες
698 2744 736 2813 δὲ
772 2744 980 2832 κοινούμεθα
1011 2757 1082 2823 τοῖς
1100 2758 1125 2810 Ι)

22 2884 50 2923 25
64 2849 297 2936 ἐπισταμένοις
327 2849 439 2931 θεούς.
488 2846 572 2940 ὑπὲρ
600 2849 638 2919 δὲ
666 2840 715 2919 οἷν
742 2851 907 2937 ἐπιτρέπει
934 2852 1081 2937 χρῆσθαι

63 2954 204 3041 λέγομεν
230 2957 410 3041 τοσοῦτον,
443 2951 488 3037 αἷς
515 2954 557 3025 οὐ
583 2959 687 3025 πᾶσιν
714 2953 877 3040 ἅπαντας,
909 2953 946 3022 τὸ
975 2958 1080 3022 θωνα-

61 3057 123 3126 τὸν
151 3059 189 3127 δὲ
217 3055 236 3129 ὁ
263 3070 359 3141 θεῖος
385 3060 489 3149 νόμος
515 3065 557 3152 τῇ
584 3059 784 3150 ἀνθρωπίνῃ
812 3060 914 3149 φύσει
939 3061 1082 3128 σκοπῶν

32 3232 36 3234 ,
62 3165 221 3254 ἐπέτρεψε
258 3163 424 3256 χρῆσθαι
442 3170 591 3237 τουτοισὶ
626 3182 697 3249 τοῖς
732 3176 883 3252 πολλοῖς,
925 3161 988 3253 οὐχ
1024 3168 1081 3233 ἵνα

131 3401 257 3473 θίχθῦν
276 3407 299 3455 V
386 3408 418 3458 18
436 3396 562 3474 ὄρνισιν]
582 3399 731 3474 θυήνησιν
747 3407 771 3456 V
791 3413 820 3457 et
838 3411 905 3488 pet¹²
923 3407 984 3464 τοις
1003 3395 1080 3470 ὄρνι-

61 3487 110 3522 σιν
128 3473 190 3528 Pet
192 3477 340 3540 ,πτηνοις
359 3474 457 3540 spanh.
530 3478 562 3526 14
580 3471 742 3555 συμβέβηκε
759 3472 795 3542 V]
804 3443 1030 3554 συμβέβηκεν
1047 3475 1082 3525 25

62 3545 92 3590 et
105 3541 137 3590 28
155 3539 285 3606 χρῆσθαι
304 3543 403 3594 abesse
421 3541 515 3593 malim
584 3543 617 3592 26
635 3531 819 3609 απαντας]
799 3542 961 3594 απανταΗ
