2446 3870
146 142 206 207 106
445 143 588 195 IULIANI
610 142 858 194 IMPERATORIS

133 273 265 340 ’ἐκεῖνοι
292 264 358 339 άπο
388 266 535 359 ἀμαθίας
562 268 807 357 ἐξαπατώμενοι
833 270 938 357 ταῦτα
970 270 1039 337 ’τόν
1064 271 1160 338 θεῶν

94 398 122 452 1)
143 376 399 459 κατεψεύδοντο.
446 382 479 445 εί
503 372 567 464 γὰρ
595 373 637 462 δῆ
665 377 721 445 καὶ
754 375 807 444 ἐπὶ
834 377 903 443 τῶν
931 372 1042 444 ἀλλων
1069 373 1160 458 είκὸς

141 475 186 571 ῆν
217 484 467 571 ἐξαπατηθῆναι
493 484 586 552 θετόν
618 477 639 568 ῆ
668 479 857 569 δαιμόνων,
889 480 1040 572 σχήματα
1065 507 1160 571 περι-

141 589 297 670 τιθέντας
332 585 532 678 άυθράπινα
569 588 625 657 καὶ
661 584 794 676 μορφὰς
834 587 1005 674 τοιαύτας,
1043 583 1159 677 ἀφανῆ

142 695 204 783 μέν
231 694 388 784 αἰσθήσει
415 696 472 765 καὶ
499 690 681 781 ἀνέφικτον
712 693 923 781 κεκτημένων
951 690 1064 761 αὐτόν
1092 693 1188 781 φάο

143 823 209 889 σιν,
236 804 285 893 νῷ
305 801 342 870 δέ
360 798 493 891 ἀκριβεῖ
513 797 571 869 διὰ
589 800 784 886 ξυγγένειαν
811 798 906 887 μόλις
932 805 1161 889 προσπίπτου-

143 928 222 977 σαν·
259 903 333 977 οὔτι
370 934 407 995 γε
443 908 499 977 καὶ
535 907 589 975 ἐπὶ
625 909 694 975 τῶν
734 909 895 994 ἐμφανῶν
930 908 1024 975 θεῶν
1059 908 1159 974 τοῦτο

143 1023 270 1083 παθεῖν
297 1011 440 1101 εὔλογον
472 1016 635 1100 ἐκείνους,
664 1008 780 1082 Ἡλίου
811 1011 874 1100 μέν
902 1014 1161 1102 ἐπιφημίζοντας

143 1119 274 1209 Αἰήτην
300 1122 392 1208 νίέα,
420 1116 618 1208 Ἑωσφόρου
646 1118 683 1188 δέ
711 1120 840 1208 ἕτερον,
867 1119 923 1186 καὶ
952 1114 1074 1199 ἀλλους
1101 1115 1159 1186 άλ-

86 1245 125 1294 83
144 1235 222 1295 λων.
267 1223 348 1315 ὅπερ
365 1226 418 1298 ,δέ
450 1231 552 1313 έφην,
584 1223 647 1314 χρῆ
679 1225 754 1312 περὶ
791 1220 905 1292 αὐτῶν
935 1225 1163 1312 πειθομένους
1176 1245 1205 1287 1⁰

143 1328 229 1419 ήμάς
255 1331 382 1418 ταύτην
408 1340 579 1400 ποιεῖσθαι
606 1327 668 1418 τήν
699 1325 784 1421 ὑπὲρ
810 1332 870 1417 τῆς
896 1326 1066 1418 εὐγενείας
1093 1331 1162 1412 ἐξέ-

144 1455 254 1505 τασιν·
291 1437 347 1530 καὶ
380 1434 445 1529 ὅτῳ
478 1435 541 1524 μέν
572 1432 616 1504 ἀν
653 1428 736 1505 άσιν
772 1432 898 1523 ἀγαθοὶ
935 1436 1072 1526 πατέρες
1102 1437 1162 1505 καλ

145 1538 246 1624 αὐτὸς
277 1545 417 1624 ἐκείνοις
444 1541 603 1633 ἐμφερής,
635 1544 757 1612 τοῦτον
785 1539 960 1630 ὀνομάζειν
987 1541 1161 1632 θαρρούν-

143 1675 208 1730 τως
238 1646 371 1737 εὐγενῆ·
404 1647 470 1741 ὅτῳ
503 1648 540 1720 δὲ
566 1647 607 1717 τὰ
639 1649 700 1737 μέν
726 1651 796 1718 τῶν
826 1649 981 1738 πατέρων
1012 1644 1163 1739 ὑπῆρξεν

145 1751 262 1844 ἀρετῆς
289 1758 397 1842 ἐνδεᾶ,
425 1753 527 1837 αὐτὸς
554 1754 592 1825 δὰ
618 1755 820 1844 μετεποιήθη
844 1754 967 1824 τούτου
993 1757 1056 1824 τοῦ
1081 1754 1160 1843 κτή·
1176 1777 1204 1819 15

144 1888 261 1949 ματος,
296 1861 420 1932 τούτου
457 1863 494 1932 δέ
530 1862 708 1950 νομιστέον
743 1862 869 1951 πατέρα
905 1860 966 1930 τὸν
997 1867 1067 1929 Δία
1103 1862 1162 1930 καὶ

145 1968 356 2060 φυτουργόν,
387 1970 444 2038 καὶ
477 1965 579 2039 οὐδὲν
610 1975 706 2056 μέϊον
737 1964 828 2060 αὐτῷ
861 1968 979 2037 δοτέον
1011 1969 1162 2055 ἐκείνων,

145 2081 181 2143 οἳ
213 2077 386 2164 γεγονότες
421 2078 575 2165 πατέρων
610 2070 752 2162 ἀγαθάν
791 2071 873 2155 τοὺς
910 2075 1008 2162 σφῶν
1043 2073 1163 2155 τοκέας

58 2230 60 2234 ⁴
99 2193 128 2276 I}
148 2181 326 2268 ἐζήλωσαν·
368 2179 458 2262 ὅστις
494 2181 532 2249 δέ
569 2183 601 2263 ἐξ
637 2177 780 2268 ἀγαθάν
819 2181 938 2267 γέγονε
965 2179 1161 2274 μοχθηρός,

144 2289 268 2355 τοῦτον
303 2302 374 2367 τοῖς
409 2287 528 2367 νόθοις
563 2286 745 2378 ἐγγράφειν
781 2284 889 2368 ἀξιον·
929 2283 1009 2367 τοὺς
1045 2284 1084 2354 δὲ
1125 2288 1163 2355 έκ
1176 2307 1203 2348 2⁰

145 2395 328 2481 μοχθηρῶν
356 2394 485 2479 φῦντας
502 2393 558 2462 καὶ
576 2397 803 2484 προσομοίους
820 2407 890 2476 τοῖς
908 2387 1021 2461 αότάιν
1043 2394 1161 2462 τοκεῦ-

145 2517 202 2565 σιν
229 2494 350 2568 οόποτε
382 2495 529 2585 εὐγενεῖς
561 2502 701 2587 φατέον,
734 2496 815 2568 οὐδὲ
842 2504 873 2568 εί
898 2507 1077 2568 πλουτοῖεν
1103 2524 1161 2567 τα-

145 2603 278 2687 λάντοις
306 2611 463 2693 μυρίοις,
500 2602 581 2674 οόδὰ
617 2611 649 2674 εί
683 2601 929 2694 ἀπαριθμοῖντο
970 2597 1162 2694 προγόνους

146 2708 313 2793 δυναστὰς
338 2706 360 2799 ή
388 2713 445 2780 ναὶ
472 2710 519 2800 μὰ
537 2717 605 2780 Δία
632 2711 823 2800 τυράννους
851 2720 993 2798 είκοσιν,
1021 2706 1104 2781 οὐδὲ
1131 2714 1164 2779 εί

145 2822 240 2898 νίκας
256 2813 479 2906 Ὀλυμπιακὰς
505 2813 526 2906 ή
545 2816 703 2900 Πυθικὰς
729 2813 750 2906 ῆ
769 2819 837 2886 τῶν
863 2819 1053 2904 πολεμικῶν
1071 2813 1160 2903 άγά-
1171 2835 1197 2878 25

101 2934 226 3011 Ονων,
254 2929 292 2993 αἳ
317 2921 359 3012 δή
386 2926 432 3017 τῷ
459 2926 559 2993 παντὶ
584 2921 718 2993 ’κείνων
745 2924 810 2992 είσὶ
838 2921 1073 3013 λαμπρότεραι,
1101 2919 1161 2991 άν-

146 3030 325 3117 ελομένους
361 3036 469 3119 ἔχοιεν
507 3035 707 3100 δείκνυσθαι
744 3035 880 3110 πλείους
915 3026 936 3118 ῆ
969 3036 1104 3120 Καῖσαρ
1141 3023 1160 3098 ὁ

192 3251 229 3328 ,2
253 3242 290 3315 δή
309 3247 360 3300 καὶ
379 3244 452 3332 VM]
478 3242 532 3314 δὴ·
586 3248 618 3298 15
640 3238 745 3326 τούτου
767 3245 819 3298 τοῦ
840 3238 985 3332 κτήματος
1007 3207 1084 3312 ij
1103 3242 1161 3325 ‚²⁰¹³

145 3331 306 3448 θάῆῖὰῗε
333 3308 505 3436 ιὰῖάῗὰέν
527 3309 803 3448 νιὰὰὰὰῖῗεμαῖὰ
822 3331 884 3434 τίς
906 3326 1162 3448 Ἥωῖιῖὰῖἶῖἶζῖ

147 3447 321 3509 δυναστείας
338 3451 368 3500 Μ
436 3455 470 3504 26
486 3443 685 3516 Ὀλυμπιακὰς
701 3451 727 3503 fl.
745 3447 786 3517 M]
806 3437 983 3516 Ὀλυμπικὰς
1051 3451 1085 3500 26
1103 3445 1164 3500 κεί·

135 3531 199 3564 νων
220 3514 255 3580 V]
269 3511 394 3570 ἐκείνων
462 3520 496 3570 27
513 3511 721 3571 ἐνδείκνυσθαι
740 3512 801 3584 ἔχοι
819 3517 844 3568 V
