2436 3870
315 131 552 206 οοανινιυω
571 153 787 221 (emmas).
919 143 927 150 “
1009 156 1074 222 415

61 278 142 351 οόδὲ
168 279 253 372 πρὸς
280 278 407 369 άνδρας
433 280 627 369 γενόμενον,
655 279 738 351 άλλδι
755 280 839 371 πρὸς
865 281 945 365 τούς
971 292 1071 375 χειρί-

61 409 162 470 στους
188 390 256 456 τῶν
285 389 434 472 οἰκετων,
461 385 556 456 άλλοι
582 387 644 474 μὲν
671 388 942 480 κατειργάσαντο,
960 391 1073 477 Κράσ-

61 516 116 564 σοι
151 495 208 564 καὶ
239 492 396 578 Λοόκιοι,
432 490 582 580 τοῦνομα
619 492 656 563 δέ
693 496 749 564 καί
784 492 847 583 τὴν
883 494 1073 586 ἐπιγραφὴν

60 607 135 689 ἔσχε
161 599 343 688 Πομπήιος.
386 595 562 688 Ἀρμενίαν
589 599 627 669 δέ
653 602 711 670 καὶ
737 598 779 670 τά
805 601 969 690 πρόσοικα
992 603 1072 672 ταό-

33 735 119 795 ετης
150 707 392 794 κατεπολέμησε
419 705 649 793 Λούκουλλος,
682 707 905 796 ἐθριάμβευσε
937 707 974 777 δέ
1006 706 1072 778 άπὸ

19 894 23 900 ι
60 813 189 882 τούτων
220 811 403 902 Πομπήιος.
454 809 513 880 εἶτ’
548 812 772 883 ἐκολάκευσαν
808 810 914 884 αὐτὸν
942 818 978 884 οί
1006 833 1124 885 ato-323

61 928 147 989 λλται
173 920 230 988 καὶ
248 920 369 1004 Μέγαν
387 913 578 1005 ὠνόμασαν,
607 915 688 987 ὄντα
706 925 798 1001 τίνος
814 923 884 988 τῶν
910 919 975 1010 πρὸ
995 917 1071 990 ἑαυέ
1107 954 1109 959 ·

60 1028 122 1095 τοῦ
140 1031 288 1113 μείζονα;
315 1030 352 1093 τί
375 1022 439 1112 γάρ
458 1026 573 1118 ἐκείνω
591 1029 756 1095 τοσοῦτον
774 1026 936 1116 ἐπράχθη,
954 1023 1073 1115 ἡλίκον

7 1168 19 1176 “-
60 1138 185 1225 Μαρίῳ
212 1127 233 1220 ἢ
261 1136 435 1219 Σκηπίωσι
461 1144 531 1212 τοϊς
557 1130 621 1200 δύο
648 1127 670 1219 ἢ
698 1135 743 1225 τῷ
770 1131 861 1221 παρὰ
888 1129 949 1201 τόν
966 1141 1071 1223 Κυρί-

20 1271 47 1312 ιο
60 1266 124 1308 νον
159 1239 295 1308 τουτουί
328 1241 480 1331 Φουρίω,
518 1233 555 1319 δς
586 1240 708 1327 μικροῦ
740 1241 979 1329 συμπεσοῦσαν
1010 1238 1072 1328 τὴν

59 1343 184 1414 τούτου
211 1344 310 1413 πόλιν
337 1340 533 1431 άνέστησεν;
567 1335 661 1414 οὗτοι
692 1342 756 1434 γάρ
789 1342 854 1414 οὐκ
886 1341 1072 1435 ἀλλοτρίοις

61 1456 181 1540 έργοις,
209 1448 319 1540 ὥσπερ
347 1451 384 1518 ἐν
406 1458 589 1531 πολιτικαῖς
612 1454 821 1539 οἰκοδομίαις
838 1453 894 1520 καὶ
922 1452 1072 1540 δαπανή-

61 1577 166 1645 μασιν
192 1553 249 1626 ὑπ’
279 1554 390 1625 άλλων
408 1562 689 1644 καταβληθείσαις
710 1558 767 1625 καὶ
795 1559 1072 1640 ἐπιτελεσθείσαις

61 1664 172 1753 ἕτερος
198 1661 311 1753 άρχων
342 1661 511 1751 ἐπεγράφη
545 1661 645 1751 μικρά
672 1662 832 1743 κονιάσας
858 1660 919 1731 τόν
946 1675 1106 1751 τοῖχον,Β

22 1802 49 1842 15
62 1766 151 1838 οὕτω
182 1783 255 1850 ταῖς
286 1765 475 1857 άλλοτρίαις
506 1768 744 1858 ε’πεγράφησαν
773 1768 946 1857 πράξεσιν·
980 1766 1072 1858 άρχι-

1 1875 2 1878 '
62 1876 212 1957 τέκτονες
248 1873 286 1944 δὲ
322 1869 419 1943 αὐτοὶ
455 1875 511 1960 καί
548 1876 748 1964 δημιουργοὶ
789 1873 965 1961 γευόμενοι
1005 1878 1073 1944 τόν

62 1987 247 2050 καλλίστων
273 1977 468 2069 ἠξιώθησαν
496 1976 679 2067 ὀνομάτων.
720 1977 822 2051 οὐδὲν
850 1972 914 2048 οὖν
940 1990 1073 2069 θαυμα-

64 2086 161 2172 στόν,
192 2093 222 2156 εί
256 2085 458 2177 κεκράτηκας
489 2092 670 2174 Πομπηίου
708 2085 860 2178 δακτύλῳ
886 2088 1073 2175 Ᾰκνωμένον

62 2194 119 2262 καί
146 2185 247 2263 τᾶλλα
274 2190 442 2274 άλεόπεκος
473 2195 600 2280 μᾶλλον
626 2188 648 2280 ἢ
679 2194 822 2273 λέοντος.
868 2189 981 2280 ἐπειδὴ
1009 2190 1074 2283 γάρ
1148 2202 1166 2259 .’

22 2297 168 2373 νοαότὸν
196 2296 215 2388 ἡ
243 2300 326 2388 τύχη
353 2298 566 2389 προύδωκεν,
594 2295 615 2387 ἣ
643 2297 704 2368 τὸν
731 2305 923 2389 ἔμπροσθεν
949 2298 1075 2388 χρόνον

27 2413 29 2415 ’
63 2403 154 2501 αὐτῷ
181 2405 402 2496 παρειστήκει,
429 2406 553 2493 ταχέως
580 2404 768 2494 ἐκράτησας·
790 2405 907 2494 μόνον.
932 2406 999 2476 καὶ
1023 2403 1075 2474 ότι

62 2511 229 2600 δεινότητι
265 2511 327 2600 μὲν
363 2508 502 2602 οὐδεμιᾷ
539 2517 697 2601 κρείττων
735 2514 873 2598 ἐγένου,
911 2512 1112 2602 φανερόνῦ

14 2698 15 2701 ¹
62 2620 119 2688 καὶ
145 2618 210 2707 γάρ
238 2619 275 2686 ἐν
303 2620 416 2709 ἐνδείᾳ
444 2618 584 2703 γέγονας
607 2621 675 2686 τῶν
702 2621 910 2707 ἐπιτηδείων*
940 2624 1009 2686 ἐστι
1038 2617 1074 2687 δέ

108 2895 115 2916 ε
134 2841 193 2890 2ο1
208 2844 224 2892 3
241 2835 360 2904 κράσσοι
377 2841 428 2893 καί
444 2834 559 2891 ’λοόκιοι
577 2837 718 2905 VMAug.]
737 2835 866 2904 Κρᾶσσος
884 2837 934 2891 καλ
952 2835 1076 2900 Λούκιος

64 2909 80 2958 3
98 2900 274 2974 νπογραφην
291 2910 391 2976 VAug.
405 2910 472 2962 Bav.
492 2908 587 2971 spanh.
657 2909 673 2958 5
697 2897 851 2966 λοόκουλος
869 2909 906 2969 V,
926 2903 1076 2967 λεόκολλος

62 2974 101 3040 Μ,
120 2973 284 3038 Λούκολλος
302 2983 355 3043 pet.
425 2980 441 3028 6
459 2971 513 3028 εἶτ’
532 2974 679 3041 VMAug.]
701 2968 764 3025 εἶτα
824 2977 840 3026 8
858 2967 958 3025 ἐκείνω
977 2973 1076 3024 τοσοῦ·

63 3057 114 3094 τον
131 3040 200 3109 VM]
220 3045 357 3097 τοιοῦτον
375 3037 476 3113 ἐκείνῳ
562 3045 577 3093 9
601 3040 742 3109 σκηπίωσι
762 3039 832 3106 VM]
857 3040 1006 3093 Σκιπίωσι.
1039 3042 1075 3093 cf.

62 3109 178 3162 24401)
197 3113 281 3163 2450
315 3112 319 3178 Ι
352 3106 407 3164 δύο
425 3112 534 3176 VAug.‚
552 3108 638 3162 δυσὶν
655 3111 692 3174 Μ,
711 3104 771 3160 δόω
789 3127 806 3161 v
863 3166 876 3186 Η
894 3111 925 3160 10
950 3108 1075 3174 φρουρίω

63 3179 198 3245 VMAug.
285 3184 315 3230 11
335 3174 418 3231 πόλιν
435 3171 539 3232 τοότου
556 3178 653 3229 VBav.
734 3178 765 3226 12
784 3171 836 3241 οὐχ
854 3190 956 3240 ωσπερ,
975 3176 1076 3227 deletis

56 3248 156 3297 ,verbis
179 3242 342 3315 άλλοτρίοις
365 3244 471 3314 ἔργοις,
494 3247 562 3297 Rsk.
597 3246 651 3296 Pro
674 3235 728 3296 οόκ
751 3243 775 3290 V
798 3236 843 3294 ἐπ’
869 3244 971 3294 habere
997 3243 1075 3295 vide-

62 3320 106 3364 tur
139 3316 143 3377 Ι
176 3313 243 3381 καὶ]
265 3320 375 3375 κοινοῖς
397 3317 425 3366 Η
511 3317 542 3364 12
556 3319 585 3364 ολ
598 3316 629 3364 13
653 3303 856 3392 δαπανῄμ....
878 3303 974 3362 ὑπ’λί
1010 3367 1021 3387 ν
1045 3313 1076 3361 15

63 3371 137 3435 οὕτω
157 3383 300 3450 VMAug,]
321 3374 411 3444 οίίτως
498 3368 641 3433 mxuma
664 3380 709 3431 vel
732 3380 823 3457 ηαλλα
845 3376 925 3446 libri]
950 3372 985 3430 τά
1003 3378 1077 3429 αλλα

62 3453 96 3501 20
109 3458 138 3500 ετ
149 3453 182 3500 21
201 3446 279 3503 αὑτῶ
297 3446 400 3518 χρόνον
419 3450 522 3515 MAug,
591 3451 624 3500 23
642 3463 766 3515 γεγουως
785 3450 858 3500 cant.
876 3449 892 3497 2
911 3453 966 3512 pet.
988 3445 992 3511 Ι
1017 3440 1076 3497 ἐστι

63 3512 96 3568 δὲ
115 3516 197 3583 Aug.]
216 3511 276 3570 ἐστὶ
295 3514 328 3570 δέ
