2446 3870
139 142 204 205 242
444 141 588 195 IULIANI
609 140 856 193 Ιαοοολνοιαε

140 279 222 349 λεως
250 266 489 357 άπεληλάκασι,
521 266 645 359 λουτρά
678 267 823 356 δημόσια
851 268 906 336 καὶ
934 284 1156 356 χαμαιτυπεῖα

140 376 195 444 καὶ
223 384 385 463 καπηλεῖα
411 376 467 444 καὶ
485 375 596 444 πάντα
623 370 735 455 άπλῶς
752 372 793 442 τά
811 377 961 443 τοιαῦτα·
990 372 1061 443 εἶτα
1080 372 1157 464 άχρι

139 480 263 551 τούτου
291 481 466 570 γενόμενοι
493 491 571 550 εἴσω
590 478 634 568 μὴ
662 483 832 569 παριᾶσιν.
874 476 975 569 ὁμὲν
988 478 1058 569 γάρ
1085 497 1156 563 τοῖς

88 588 309 668 187τοιοάτοις
332 587 491 675 έντυχάν,
519 585 589 656 εἶτα
612 590 712 656 τοῦτο
736 588 866 674 οἰηθεὶς
893 586 980 655 εἶναι
1006 585 1070 674 τὴν
1096 589 1156 657 πό-

139 703 194 763 λιν
221 692 340 775 άθλιος
366 692 428 782 μὲν
455 691 654 782 άποφυγάν,
682 691 884 782 ἀθλιώτερος
903 693 940 761 δέ
967 693 1056 762 κάτω
1084 701 1183 781 μελε

139 828 215 886 νας,
256 799 332 882 έξὸν
372 796 564 889 ὑπερβάντα
600 797 721 889 μικρὸν
758 805 844 869 έδεῖυ
879 797 940 868 τὸν
976 800 1154 890 Σωκράτη·

138 905 303 994 χρήσομαι
330 905 395 996 γάρ
423 910 561 988 έκείνοις
588 899 653 992 ἔγω
685 920 756 986 τοῖς
783 904 942 994 ῥήμασιν,
976 900 1026 986 οἷς
1051 903 1155 993 'Akm-

139 1013 260 1100 βιάδης
288 1015 436 1082 έπαινάν
463 1011 636 1101 Σωκράτη.
683 1013 769 1100 φημὶ
796 1010 861 1101 γάρ
889 1009 931 1100 δὴ
958 1009 1021 1100 τὴν
1049 1020 1155 1082 Κυνι-

139 1117 203 1207 κὴν
231 1126 441 1206 φιλοσοφίαν
459 1114 660 1207 ὁμοιοτάτην
678 1117 765 1187 εἶναι
792 1133 862 1199 τοῖς
881 1126 1060 1205 Σειληνοῖς
1077 1119 1156 1187 τού-

138 1251 209 1305 τοις
235 1239 305 1304 τοῖς
322 1226 360 1292 έν
386 1237 457 1304 τοῖς
476 1226 731 1312 ἑρμογλυφεέοις
757 1221 972 1312 καθημένοις,
996 1221 1156 1307 οὕστινας
1167 1217 1196 1291 ιο

139 1329 332 1417 ἐργάζονται
360 1333 395 1398 οἱ
420 1331 621 1417 δημιουργοὶ
640 1328 801 1417 σύριγγας
819 1326 840 1418 ἢ
860 1327 986 1411 αὐλοὺς
1005 1336 1157 1419 ἔχοντας·

97 1438 177 1506 Βοέ
201 1433 238 1503 δέ
266 1436 472 1522 διοιχθέντες
498 1440 600 1504 ἔνδον
628 1442 808 1523 φαίνονται
826 1433 998 1524 ἀγάλματα
1026 1442 1158 1525 έχοντες

137 1544 239 1610 θεῶν.
285 1536 330 1622 ὡς
361 1536 405 1610 άν
436 1532 500 1610 οὖν
536 1541 580 1631 μὴ
617 1542 773 1612 τοιοῦτόν
809 1569 840 1611 τι
876 1542 1055 1631 πάθωμεν,
1094 1541 1158 1614 ὅσα

138 1649 249 1728 ἔπαιξε
279 1650 385 1716 ταῦτα
421 1644 527 1717 αὐτὸν
559 1650 801 1718 ἐσπουδακέναι
838 1655 1048 1737 νομίσαντες·
1087 1656 1157 1720 ἔστι

138 1754 200 1842 μέν
227 1752 291 1843 γάρ
318 1781 349 1823 τι
373 1756 434 1844 ,καὶ
462 1756 500 1822 έν
532 1757 671 1836 έκείνοις
704 1751 766 1824 οὐκ
792 1752 975 1843 ἄχρηστον,
1003 1750 1021 1823 ὁ
1050 1764 1157 1826 Κυυι-
1171 1781 1193 1822 ιι

139 1858 221 1948 σμὸς
248 1861 289 1930 δέ
314 1863 404 1931 ἐστιν
422 1862 546 1951 ἕτερον,
575 1857 620 1942 ὡς
646 1858 766 1930 αὐτίκα
792 1860 880 1950 μάλα
909 1864 1014 1943 δεῖξαι
1042 1863 1156 1954 πειρά-

139 1987 251 2055 σομαι·
280 1970 382 2058 δεῦρο
411 1973 538 2055 ἔδωμεν
565 1970 683 2056 ἐφεξῆς
706 1964 771 2037 άπὸ
799 1970 867 2036 των
894 1973 1014 2058 ἔργων,
1043 1967 1156 2060 ὥσπερ

138 2077 177 2142 αέ
204 2073 433 2162 έξιχνεάουσαι
459 2073 559 2155 κύνες
586 2075 787 2162 μεταθέουσι
814 2072 854 2142 τά
880 2080 994 2163 θηρία.

215 2175 379 2267 Ἡγεμόνα
410 2177 473 2267 μέν
505 2171 607 2268 (οὖν)
641 2177 683 2249 οὐ
715 2179 835 2271 ῥᾴδιον
867 2176 994 2270 εὑρεῖν,
1028 2177 1082 2269 ἐφ’
1115 2178 1156 2251 ὃν

99 2279 316 2371 θάνενέγκαι
342 2283 404 2373 χρὴ
432 2287 567 2372 πρῶτον
589 2282 684 2371 αὐτό,
712 2292 743 2355 εἰ
768 2291 828 2355 καί
851 2313 938 2366 τινες
961 2282 1156 2377 ὑπολαμβά-
1170 2314 1194 2354 οο

138 2409 261 2458 νουσιν
296 2387 501 2460 Ἀντισθένει
540 2393 640 2459 τοῦτο
678 2393 732 2460 καὶ
754 2393 928 2480 -Διογένει
964 2393 1157 2482 προσήκειν.

139 2497 239 2564 τοῦτο
271 2498 358 2583 γοῦν
386 2500 495 2564 ἔοικεν
525 2496 693 2585 Οἰνόμαος
725 2495 787 2567 οὐκ
810 2495 946 2580 άτόπως
972 2499 1095 2586 λέγειν·
1119 2496 1158 2568 ‘0

138 2600 311 2690 Κυνισμὸς
330 2598 407 2671 οὔτε
432 2598 702 2692 Ἀντισθενισμός
720 2607 810 2673 έστιυ
830 2603 905 2674 οὔτε
924 2606 1156 2695 Διογενισμός.

138 2709 275 2794 λέγουσι
303 2707 364 2797 μὲν
391 2706 455 2797 γάρ
476 2713 511 2778 ολ
536 2710 763 2807 γενναιότεροι
780 2713 848 2779 τῶν
875 2714 1001 2798 κυνῶν,
1029 2709 1082 2781 ὅτι
1100 2715 1156 2782 καὶ

139 2810 157 2883 ὁ
190 2815 292 2904 μέγας
320 2810 498 2905 Ἡρακλῆς,
520 2813 641 2913 ,ὥσπερ
674 2809 738 2886 οὖν
769 2820 839 2886 των
870 2815 980 2887 άλλων
1013 2815 1156 2904 άγαθῶν
1169 2843 1193 2884 ιι

136 2917 220 3010 ἡμῖν
251 2949 301 3003 τις
333 2930 439 3003 αἴτιος
470 2925 624 3011 κατέστη,
658 2920 746 2992 οὕτω
779 2923 817 2992 δέ
849 2925 905 2992 καὶ
937 2924 1061 2994 τούτου
1094 2928 1155 2995 τοτ’

223 3165 408 3254 3γευόμενοι
425 3170 507 3252 Βοὴ]
534 3135 714 3255 γενρμένοις
734 3171 740 3240 Ι
772 3173 839 3228 εἴσω
860 3172 900 3242 μὴ
917 3171 1058 3242 παριᾶσιν
1077 3175 1156 3242 Rsk.]

67 3255 73 3262 ’
137 3238 206 3292 εἵσω
224 3235 258 3293 δε
334 3239 490 3320 παριοῦσιν
560 3232 779 3310 λἈλκιβιάδης]
798 3243 871 3295 Plat.
891 3242 983 3310 Sy.mp
1003 3246 1054 3295 215
1125 3247 1157 3294 12

135 3324 166 3360 οι
159 3301 268 3376 δὲ]ο
298 3234 406 3391 διχάδε
423 3309 511 3371 Plat„
522 3308 606 3388 quod
624 3310 733 3361 Iuliano
756 3326 863 3376 quoque
886 3310 1057 3362 reddendum
1079 3311 1157 3362 vide·

135 3381 184 3426 tur
240 3378 272 3426 14
290 3369 381 3427 αὐτὸν
398 3375 472 3442 Pon]
493 3367 584 3429 αὐτοῦ
654 3380 685 3428 17
705 3375 813 3495 έδωρᾶεν
831 3375 870 3446 Η]
893 3376 990 3458 ἴωμεν.
1021 3379 1058 3429 ολ.
1077 3376 1156 3431 ἰδεῖν

137 3442 225 3494 2361)
252 3449 281 3494 et
307 3434 415 3510 ἐφεξῆς
442 3447 561 3497 σκοπεῖν
588 3445 672 3496 143Β
699 3447 749 3497 215

872 3450 903 3498 19
927 3462 980 3498 ουν
1002 3447 1065 3501 add.
1086 3447 1154 3500 Rsk.

130 3511 169 3560 23
186 3501 267 3560 ἔστιν
284 3508 320 3577 Η]
339 3505 400 3563 ἔστι
1153 3564 1154 3567 ,
