2416 3864
465 140 599 192 οεετιο
618 142 680 196 v11.
1012 141 1075 206 239

55 265 138 348 τοὺς
165 265 286 352 λόγους
317 265 470 336 πλάττων
496 267 552 336 καὶ
581 265 715 355 μύθους
746 268 907 357 παράγων
939 272 1074 358 πρῶτον
1121 257 1125 263 ’

56 375 104 465 τςό
136 371 180 460 μὴ
213 370 296 461 πρὸς
329 369 469 462 άνδρας,
501 370 587 442 άλλδι
616 372 701 461 πρὸς
731 362 854 460 παῖδας
884 373 958 463 ἤτοι
990 374 1071 444 καθ’

56 475 191 568 ἡλικίαν
218 473 239 566 ἢ
267 480 313 570 τῷ
342 492 494 567 φρονεῖν,
521 478 653 560 πάντως
681 479 747 569 (δὲ)
775 483 844 549 τάν
867 480 978 567 λόγων
995 481 1072 550 τού-

55 612 124 653 των
157 585 347 672 δεομένους.
393 589 425 653 εί
450 583 512 672 μὲν
545 575 609 654 ούν
635 580 729 673 ἡμεῖς
760 607 814 655 σοι
846 592 963 668 παῖδες
990 586 1113 675 ἐφά-Β

27 717 162 779 ενημεν
181 699 245 759 είτε
273 688 337 776 ἐγὼ
357 699 421 760 είτε
446 688 636 771 Ἀνατόλιος
662 687 790 779 οὑτοσί,
810 699 1075 781 συγκαταρίθμει

57 796 94 866 δὲ
126 795 234 888 τούτῳ
267 797 322 865 καλ
354 789 415 865 τδν
443 796 642 886 Μεμμόριον
673 798 728 866 καλ
760 797 821 867 τὸν
848 798 1072 886 Σαλούστιον,

56 901 141 992 πρὸς
172 901 305 983 τούτοις
336 901 388 989 δέ,
416 908 447 972 εί
472 902 602 990 βούλει,
634 903 690 971 καλ
723 902 803 986 τούς
835 902 957 986 ἄλλους
989 906 1073 992 ἑξῆς,

53 1006 249 1097 Ἀντικύρας
280 1028 334 1077 σοι
349 1096 351 1099 Ι
366 1013 420 1077 δεῖ
428 1031 434 1043 ·
471 1015 507 1076 τί
535 1007 599 1097 γάρ
632 1004 675 1076 άν
707 1006 870 1093 άκκίζοιτό
901 1037 965 1094 τις;
1002 1013 1072 1080 ἐπεὶ

57 1113 142 1205 πρὸς
168 1116 236 1182 τάν
263 1116 356 1183 θεῶν
383 1116 440 1183 καὶ
466 1113 550 1204 πρὸς
577 1111 684 1183 αύτού
710 1119 772 1185 τοῦ
790 1115 917 1203 μύθου,
945 1119 1073 1204 μάλλον

16 1247 43 1288 ιο
58 1220 96 1290 δὲ
123 1223 185 1289 τού
212 1223 309 1310 κοινῇ
336 1220 472 1290 πάντων
503 1222 665 1308 βασιλέως
688 1217 830 1317 Ἡλίου,
847 1229 883 1302 τί
907 1243 961 1291 σοι
989 1225 1073 1311 μέγα

56 1323 77 1414 ἢ
111 1324 231 1416 μικρὸν
262 1333 436 1414 πεποίηται
469 1333 589 1417 ἔργου;
621 1333 688 1395 τίνι
719 1328 883 1419 παρέστης
914 1325 1073 1416 άγωνιζο-

57 1434 147 1525 με’νφ
176 1430 255 1521 μετὰ
273 1436 334 1501 τού
353 1438 501 1516 δικαίους
528 1440 605 1502 τίνα
624 1434 851 1524 ἐθεράπευσας
868 1438 1072 1522 πενθοῦντα,

56 1542 104 1631 τῷ
132 1539 220 1631 λύγφ
249 1538 398 1625 διδάξας,
426 1536 477 1608 ὅτι
504 1538 548 1628 μη
577 1538 682 1608 κακὸν
706 1537 724 1608 ὁ
751 1541 901 1622 θάνατος
928 1541 1007 1630 μήτε
1025 1544 1107 1634 τῷΟ
1184 1627 1187 1630 .

57 1645 204 1714 παθόντι
231 1645 311 1733 μήτε
338 1659 408 1726 τοῖς
436 1651 570 1727 οίκείοις
597 1642 719 1729 αύτούς
747 1652 798 1727 τίς
826 1652 846 1715 δ
852 1644 859 1725 f
891 1646 1076 1715 αἰτιάσεταί

1 1777 44 1818 :15
59 1773 96 1821 σε
123 1754 182 1840 της
208 1753 331 1821 ἑαυτοῦ
358 1758 568 1842 μειρακίσκος
595 1751 829 1840 σωφροσύνης,
857 1749 908 1819 ὅτι
935 1759 1071 1840 πεποίη-

59 1886 121 1939 κας
157 1854 262 1926 αύτδν
299 1859 331 1938 ἐξ
363 1853 496 1927 άσύτου
533 1857 695 1946 σάφρονα
731 1859 787 1926 καλ
819 1855 923 1926 καλὸν
959 1855 1002 1927 ού
1034 1855 1072 1928 τὸ

59 1966 156 2053 σῶμα
182 1964 304 2052 μόνον,
336 1961 419 2033 άλλδι
446 1963 533 2033 πολύ
565 1966 692 2052 μᾶλλον
723 1961 785 2051 τὴν
816 1961 928 2050 ψυχὴν
956 1968 1072 2050 φαίνε-

58 2081 156 2153 σθαις
183 2077 259 2138 τίνα
288 2069 325 2139 δὲ
353 2067 495 2158 άσκησιν
518 2069 661 2159 ἐποιήσω
685 2073 746 2138 τού
773 2076 866 2156 βίους
893 2074 930 2136 τί
953 2070 994 2137 δε’
1019 2089 1073 2137 σοι

57 2175 155 2258 άξιου
185 2179 244 2264 της
269 2177 458 2265 Διογένους
490 2183 671 2266 βακτηρίας
701 2172 722 2263 ἢ
754 2177 811 2244 ναὶ
844 2174 888 2263 μά
916 2181 966 2243 Δί
964 2203 985 2242 α
1016 2176 1074 2262 τῆς

16 2308 42 2348 ιο
56 2288 245 2410 παρρησίρις
284 2289 478 2371 πεποίηται;
521 2289 621 2372 ἔργον
662 2291 724 2351 οίει
765 2283 847 2370 μέγα
888 2286 1073 2408 βακτηρίαν
1129 2373 1131 2377 Ι

56 2384 221 2476 λαβειν
201 2417 222 2476 η
250 2394 363 2478 τρίχας
390 2386 530 2476 άνεῖναι,
557 2390 613 2458 καλ
640 2402 848 2478 περινοστεῖν
874 2415 934 2469 τας
959 2387 1114 2469 πόλειςΙ)

56 2496 114 2564 καὶ
141 2494 182 2563 τδι
210 2494 427 2584 στρατόπεδα,
454 2496 597 2576 καὶτοῖς
625 2494 686 2583 μὲν
705 2501 887 2583 βελτίστοις
910 2500 1071 2582 λοιδορεῖ-

56 2612 150 2687 σθαι,
178 2598 259 2682 τοὺς
286 2600 323 2669 δὲ
351 2607 536 2690 χειρίστους
558 2600 775 2690 θεραπεύεινς
804 2601 873 2670 είπὲ
900 2599 984 2689 πρὸς
1010 2602 1072 2669 τού

56 2706 143 2788 Διὸς
180 2708 236 2776 καὶ
272 2705 356 2795 πρὸς
392 2708 536 2775 τουτωνὶ
572 2710 642 2775 τῶν
678 2704 917 2796 άκροωμέυων,
955 2711 990 2775 ολ
1024 2702 1069 2774 δι’

14 2837 41 2878 εε
56 2809 143 2901 ύμάς
175 2811 244 2900 τὴν»
270 2819 476 2900 φιλοσοφίαν
507 2814 734 2904 ἐκτρέπονται,
766 2809 846 2880 ἄνθ’
878 2809 958 2881 ὅτου
990 2809 1073 2899 πρὸς

56 2919 118 3007 μὲν
145 2918 206 2988 τὸν
237 2925 422 3008 μακαρίτην
448 2919 686 2988 Κωνστάντιον
718 2923 766 3000 είς
790 2914 932 2994 Ἰταλίαν
959 2907 1072 3004 ἦλθες,

56 3023 169 3095 ούκέτι
196 3027 310 3113 μέντοι
328 3027 384 3094 καλ
407 3027 500 3114 με’χρι
522 3029 590 3094 τῶν
610 3027 761 3093 Γαλλιῶν
790 3015 936 3111 [ἦλθες];
964 3027 1072 3090 καίτοι

54 3132 237 3220 πορευθεὶς
264 3130 347 3222 πρὸς
373 3127 468 3220 ἡμᾶς,
496 3137 528 3200 εί
553 3130 658 3220 μηδὲν
685 3128 781 3214 άλλο,
810 3131 959 3210 ξυνεῖναι
986 3130 1072 3214 γοῦν

126 3304 211 3352 10t2
229 3297 342 3386 πρῶτον
360 3295 410 3370 τῷ]
431 3294 526 3368 δράτω
544 3301 629 3353 τούτο
647 3301 674 3350 Η
742 3293 815 3366 λμὴ
835 3290 945 3378 ἄνδρας
963 3298 988 3348 V
1057 3300 1073 3348 3

54 3365 108 3440 τῷ]
128 3364 160 3420 τδ
166 3374 235 3487 φοι.
264 3369 267 3436 λ
296 3364 330 3421 δὲ
349 3353 410 3420 ad'd
429 3370 457 3419 Η
495 3365 716 3448 4δεομένους
734 3365 772 3434 Η]
783 3360 929 3448 δεόμενος
957 3370 961 3424 Ι
987 3356 1074 3431 ημείς

55 3453 101 3486 σοι
119 3439 177 3488 παῖ
198 3452 226 3496 ες
243 3435 278 3502 V]
299 3452 344 3488 σοι
361 3428 502 3518 παῖδες
484 3441 569 3502 ημεῖς
638 3438 653 3486 6
673 3430 871 3492 Σαλλούστιον
890 3434 986 3500 spanh.
1056 3434 1075 3485 ⁸

55 3497 122 3556 αὐτὶ
143 3497 232 3570 κύρεις
250 3504 275 3554 V
344 3507 376 3556 27
395 3491 487 3571 ἦλθες
504 3505 582 3556 uncis
600 3504 715 3555 inclusit
732 3505 760 3555 H

110 3596 187 3646 Iulian
188 3597 247 3638 unL
797 3634 801 3641 .
840 3593 878 3644 λθ
938 3567 940 3571 ¹
