2422 3862
134 141 199 206 504
356 169 360 176 -
437 141 582 192 IULIANI
599 128 848 193 IMPERATORIS
866 152 882 181 ι

100 276 287 365 Οίσχάδων
311 275 394 361 [τὰς]
419 278 686 364 μακροκέυτρους
705 276 823 344 ἑκατὸν
842 277 1006 363 ἐκπέμπω,
1029 280 1077 367 τῷ
1096 276 1158 363 μὲν

136 387 197 450 τοῦ
220 382 334 471 δώρου
356 384 490 470 μεγέθει
514 382 649 471 μικράν,
672 386 717 474 τῷ
740 382 852 450 κάλλει
877 382 916 449 δὲ
932 391 1019 461 ίσως
1038 380 1158 469 ἀρκοῦ-

137 507 202 555 σαν
229 484 360 574 ἡδονὴν
387 488 592 575 μνηστεύων.
634 485 866 577 Ἀριστοφάνει
889 487 952 575 μὶν
975 480 1042 555 οὖν
1066 493 1159 557 δοκεῖ

139 591 224 661 εἶναι
251 593 338 682 πλὴν
364 598 495 683 μέλιτος
519 600 588 665 τῶν
615 594 727 664 ἀλλ’ων
754 593 958 681 γλυκύτερον
985 592 1046 673 τάς
1069 595 1159 682 ίσχά-

138 703 208 784 δας,
232 702 287 768 καὶ
312 698 392 769 οὐδὲ
414 698 503 768 τοῦτ’
530 698 681 789 ἀνέχεται
704 705 772 769 τῶν
796 701 944 788 ίσχάδων
968 698 1057 768 εἶναι
1080 710 1182 788 γλυε

137 806 294 894 κότερον,
317 805 363 888 ἀς
385 805 486 888 αὐτὸς
509 809 679 895 ἐπικρίνας
701 807 804 894 λέγει·
833 805 1006 896 Ἡροδότῳ
1033 806 1070 875 δὲ
1095 807 1158 895 ἀρα

139 919 183 1005 τῷ
208 928 397 1003 συγγραφεῖ
412 913 496 1002 πρὸς
515 915 673 994 ἐπίδειξιν
692 915 829 1000 ἐρημίας
848 910 1000 1000 ἀληθοῦς
1018 912 1158 1001 ἤρκεσεν

140 1021 266 1089 εἰπόντι
304 1018 418 1108 ,,Παρ’
450 1013 500 1100 οἷς
529 1017 720 1104 οῦτεῖσῦκά
749 1021 839 1088 ἐστιν
867 1018 944 1087 οῦτε
973 1017 1057 1088 ἀλλο
1082 1019 1159 1109 ἀγα-

104 1124 209 1200 Βδὸν
242 1108 402 1218 οὐδέῖξΐ
418 1124 463 1206 ὡς
496 1123 549 1213 ἀρ’
586 1125 663 1194 οῦτε
695 1125 799 1194 ἀλλον
831 1122 923 1206 τινὸς
953 1127 991 1193 ἐν
1019 1144 1160 1214 καρποῖς

99 1264 126 1303 ω
140 1229 274 1319 ἀγαθοῦ
296 1234 462 1321 προτέρου
483 1235 552 1300 τῶν
575 1231 689 1300 σύκων
712 1229 824 1317 ὄντος,
855 1229 932 1300 ούτε
955 1237 1004 1299 ἔτι
1027 1233 1160 1314 πάντως
1171 1258 1190 1298 ιι

140 1335 274 1424 ἀγαθοῦ
303 1339 439 1417 δέοντος
467 1334 545 1424 παρ’
573 1331 623 1416 οἷς
650 1333 693 1406 ἀν
721 1329 771 1427 (ᾖ)
797 1336 834 1424 τὸ
863 1341 978 1407 σῦκον.
1016 1337 1160 1428 Ὅμηρος

141 1445 178 1514 δὲ
207 1446 225 1514 ὁ
254 1443 360 1531 σοφὸς
386 1443 426 1513 τδι
454 1444 518 1532 μὲν
543 1443 628 1512 ἀλλα
651 1448 719 1513 τῶν
740 1448 878 1532 καρπῶν
901 1449 949 1523 είς
970 1446 1120 1532 μέγεθος
1140 1443 1158 1533 ἢ

141 1550 247 1640 χρόαν
276 1547 296 1638 ἢ
324 1549 445 1632 κάλλος
473 1551 615 1636 ἐπαινεῖ,
647 1550 740 1641 μόνῳ
755 1551 807 1631 Ιδὲ
832 1555 878 1643 τῳ
903 1551 994 1642 σύκῳ
1018 1551 1083 1640 τὴν
1105 1557 1159 1640 τῆς

142 1656 346 1745 γλυκύτητος
368 1658 563 1745 ἐπωνυμίαν
584 1671 758 1745 συγχωρεῖ.
790 1657 905 1726 καὶτὸ
930 1658 1005 1744 μέλι
1029 1659 1158 1748 χλωρὸν

22 1774 30 1780 “
88 1774 246 1852 affluam,
270 1764 389 1845 δεδιάς
406 1763 451 1853 μὴ
470 1764 561 1857 λύθη
580 1762 686 1850 γλυκὺ
703 1764 906 1853 προσειπὼν,
925 1760 944 1832 δ
963 1766 1022 1832 καὶ
1040 1765 1159 1852 πικρὸν
1169 1795 1189 1835 15

143 1870 230 1940 εἶναι
266 1875 436 1958 πολλαχοῦ
468 1877 658 1958 συμβαίνει·
694 1874 741 1961 τῷ
774 1869 865 1960 σύκῳ
896 1869 934 1938 δὲ
966 1868 1035 1958 ἀρα
1070 1873 1159 1963 μόνῳ

84 2026 88 2029 ⁴
143 1974 328 2046 ἀποδίδωσι
355 1975 418 2063 τὴν
445 1981 572 2045 οίκείαυ
600 1973 783 2063 εὐφημίαν,
815 1973 925 2064 ὥσπερ
948 1979 994 2067 τῷ
1020 1979 1164 2067 νέκταρι,

117 2082 119 2086 ’
144 2083 231 2151 διότι
253 2084 309 2150 καλ
332 2082 440 2170 μόνον
462 2081 568 2169 γλυκὺ
591 2085 659 2151 τόν
682 2079 793 2149 ἀλλων
817 2083 894 2149 ἐστί.
922 2081 977 2148 καὶ
1002 2086 1081 2172 μέλι
1105 2085 1159 2173 μὲν

139 2188 356 2277 Ἱπποκράτης
374 2190 458 2276 φησί
476 2186 583 2275 γλυκὺ
595 2188 658 2275 μὲν
672 2186 758 2256 εἶναι
772 2187 835 2275 τὴν
848 2197 1023 2279 αἴσθησιν,
1041 2192 1159 2280 πικρὸν

145 2405 245 2488 χολῆς
266 2398 330 2485 γὰρ
354 2395 435 2467 αὐτὸ
454 2397 628 2486 ποιητικὸν
645 2397 734 2467 εἶναι
753 2398 937 2487 ξύμπαντες
955 2399 1160 2491 ὁμολογοῦσι

144 2507 200 2574 καὶ
227 2508 358 2593 τρέπειν
385 2501 464 2584 τοῦς
486 2504 613 2592 χυμοὺς
636 2510 683 2585 είς
704 2503 905 2595 τούναντίον
927 2511 986 2594 τῆς
1009 2510 1160 2595 γεύσεως.

216 2752 228 2799 1
248 2739 301 2809 τάς
320 2747 461 2798 delendum
473 2746 585 2797 videtur
603 2742 851 2811 Ιμακροκέντρους
864 2749 933 2813 Pet]
946 2749 1160 2816 μακροκέντους

147 2821 163 2869 3
178 2809 385 2882 Ἀριστοφάνει]
405 2813 485 2879 Apud
502 2813 598 2867 Athen.
613 2814 685 2865 xlv,
704 2831 730 2880 p.
742 2816 835 2866 6521*
853 2818 871 2866 4
889 2810 965 2867 εἶναι
986 2827 1052 2884 post
1072 2812 1160 2872 ἀλλων

147 2886 226 2951 ponit
243 2883 379 2946 Sintenis;
409 2882 439 2932 in
456 2882 495 2930 Ρο
514 2876 591 2932 εἶναι
615 2881 718 2946 legitur
736 2899 785 2947 pro
807 2881 864 2934 τῶν
882 2877 977 2935 ἀλλων
1050 2883 1160 2952 6Ἦρο-

148 2945 233 3034 δότω]
252 2953 279 3014 Ι,
298 2954 331 3003 73
369 2953 385 3001 9
403 2941 441 3009 (ὃς
459 2938 509 3014 ἀρ’
527 2947 566 3013 Η]
587 2937 681 3013 ῦσπερ
697 2966 728 3010 v,
751 2943 788 3008 ὡς
807 2951 892 3001 Hrch.
929 2955 961 3003 10
980 2947 1034 3020 ἔτι]
1055 2951 1160 3023 ἔχειΡο

148 3024 179 3070 11
199 3020 317 3079 δεοκτος
336 3034 387 3072 om.
401 3020 453 3075 Ρο,
473 3017 622 3074 λείποντος
641 3018 734 3080 Ητε11.,
754 3012 904 3077 ἐνδέοντος
921 3020 997 3082 Rsk„
1016 3020 1160 3080 δέοντως

145 3076 333 3152 ΗΙῦνῇτδ
351 3081 445 3151 Ητολι]
465 3071 502 3134 ἀν
521 3080 574 3162 καλἱ
588 3079 620 3134 τδ
638 3084 689 3149 Ρο,
709 3073 746 3136 ἀν
764 3076 796 3136 τὸ
816 3074 1002 3154 τΙὍμηρος]
1022 3091 1123 3154 Odyss.
1136 3108 1159 3156 η,

148 3157 199 3205 116
216 3161 245 3205 et
264 3156 288 3216 λ,
302 3157 352 3205 590
439 3153 472 3202 14
489 3149 608 3217 χλωρον]
638 3152 737 3216 Odyss.
756 3170 781 3215 κ,
795 3155 853 3206 231.
889 3155 967 3206 Idem
990 3171 1058 3208 vero
1082 3160 1160 3209 etiam

167 3216 287 3286 λυκερόν
305 3221 405 3272 dicitur
422 3219 512 3281 odyss
542 3221 611 3280 ν,69
683 3223 713 3270 17
731 3215 861 3288 νέκταρι]
879 3223 959 3274 Iliad.
980 3228 1076 3287 α,598
1129 3221 1159 3274 ’19

147 3239 237 3340 ἀπποιι
248 3323 255 3339 .
323 3290 345 3337 V
361 3290 365 3353 Ι
381 3278 470 3352 γλυκύ
488 3282 541 3351 μὲν
560 3282 636 3338 εῖναι
654 3288 737 3342 Hreh.
755 3288 1031 3342 secundffmssuidam
1050 3309 1073 3348 s.
1085 3289 1159 3358 μέλις

147 3349 238 3437 γλυκύ
256 3352 308 3431 μέν
326 3349 399 3417 ἔστι,
417 3356 500 3421 vulgo
517 3353 567 3406 καλ
587 3346 677 3421 γλυκύ
749 3359 779 3406 19
798 3362 825 3406 et
843 3361 876 3409 20
898 3353 1004 3423 πικρόν
1023 3355 1057 3411 δὲ
1077 3355 1159 3423 Suid.]

147 3442 166 3487 η
185 3439 290 3486 πικρον
310 3417 387 3474 εἶναι
406 3423 451 3486 Vd,
468 3419 519 3473 καλ
537 3414 642 3487 πικρόν
662 3416 737 3474 εἶναι
755 3439 773 3472 v
829 3429 862 3477 20
880 3422 933 3490 καλι
949 3417 1030 3493 ούκ].
1044 3467 1049 3477 .
1064 3445 1111 3481 ..ιι
1129 3429 1158 3488 V,

146 3493 178 3543 21
199 3484 362 3557 ξύμπαντες
379 3487 413 3555 V]
433 3485 598 3556 σύμπαντες
