2416 3864
131 137 194 204 356
434 140 579 192 mmm
596 142 847 194 IMPERATORIS

132 269 251 356 μένων.
302 263 430 336 ούκούν
463 266 551 349 εἰκὸς
587 263 712 349 αύτούς
738 252 832 359 κύπέρ
868 273 936 338 τῶν
971 271 1145 361 παρόντων

132 362 357 444 ἐπίστασθαι(
390 375 471 455 τέως
502 372 564 462 μὲν
602 364 666 443 ούν
698 374 808 444 ἐδόκει
845 403 901 463 μοι
933 375 1018 445 κατά
1050 382 1145 447 τοῦτο

133 481 339 569 σονετωτέρα
366 483 424 567 τῆς
443 486 634 569 ἔμπροσθεν
651 476 672 567 ἡ
692 482 833 570 δεντέρα
851 481 976 570 μνῶμη.
1014 487 1146 553 σκοπῶν

134 586 171 656 δδ
199 592 246 668 είς
272 585 309 655 τὸ
339 590 472 655 δίκαιον
494 582 628 667 ,εύθέως
656 592 760 674 ἔφην·
798 585 882 655 Εἶτα
910 586 954 656 σὺ
981 587 1044 677 μὲν
1071 587 1146 677 ἀγα-

133 707 275 778 νακτεῖς,
304 701 338 761 εί
361 718 392 761 τι
419 694 487 760 τῶν
516 694 587 760 σῶν
613 691 790 781 κτημάτων
818 690 1019 783 ἀποστεροίη
1040 716 1078 764 σε
1096 699 1169 784 τηςε

134 801 257 868 ἑαυτοῦ
286 798 434 887 χρήσεως
452 794 473 886 ἢ
492 799 548 868 καὶ
567 793 811 887 ἀποδιδράσκοι
838 799 1062 887 καλούμενον,
1090 799 1148 870 κάν

95 909 234 985 Οίππος
261 904 344 993 τύχη
372 899 437 973 κάν
464 904 635 994 πρόβατον
652 900 717 973 κάν
736 910 881 992 βοίδιον,
909 903 1094 995 ῶνθρωπος
1116 907 1148 976 δὲ

133 1010 222 1081 εἶναι
263 1010 470 1098 βουλόμενος
511 1006 592 1079 ούδέ
633 1013 702 1079 τῶν
743 1006 910 1098 άμελαίων
956 1009 1040 1081 ούδέ
1086 1017 1149 1082 τῶν

135 1119 378 1207 σνρφετωδῶν,
410 1113 493 1185 ἀλλά
525 1120 593 1184 τῶν
626 1118 780 1186 ἐπιεικῶν
810 1118 867 1185 καὶ
898 1123 1043 1207 μετρίων
1071 1116 1148 1188 ἀπο-

136 1239 261 1312 στερεῖς
293 1224 437 1291 σεαυτοῦ
469 1219 549 1303 τοὺς
574 1220 680 1303 θεοὺς
711 1224 767 1291 καὶ
795 1218 858 1292 ούκ
885 1224 1070 1312 ἐπιτρέπεις
1096 1221 1147 1312 ἐφ’
1162 1249 1182 1288 ιο

136 1327 203 1416 ὅ,τι
236 1324 279 1396 ἀν
311 1329 453 1396 ἐθέλωσι
484 1325 679 1416 χρήσασθαί
707 1349 781 1411 σοις
819 1325 882 1417 ὅρα
914 1327 958 1417 μὴ
992 1327 1078 1420 πρὸς
1108 1333 1150 1422 τῷ

136 1439 213 1502 λίαν
241 1431 400 1522 ἀφρόνως
418 1435 561 1502 καὶτῶν
588 1437 730 1503 δικαίων
747 1437 817 1503 τῶν
835 1432 920 1523 πρὸς
946 1433 1029 1517 τούς
1050 1435 1152 1518 θεοὺς

136 1537 306 1631 όλιγῶρως
332 1538 485 1630 πράττῃς.
534 1535 555 1627 η
584 1539 622 1609 δέ
649 1536 789 1629 ἀνδρεία
819 1543 887 1610 πού
918 1542 974 1610 καὶ
1002 1548 1069 1628 τίς,
1102 1569 1151 1630 με·

136 1655 239 1716 λοίον.
276 1647 407 1735 ἕτοιμος
433 1649 519 1732 γοῦν
538 1643 570 1714 εί
595 1647 650 1715 καὶ
678 1649 853 1715 θωπεῦσαι
870 1647 927 1717 καὶ
954 1651 1152 1717 κολακεῦσαι

94 1756 206 1823 Βδέει
233 1756 295 1822 τοῦ
321 1751 486 1840 θανάτου,
515 1750 590 1834 ἐξὸν
617 1749 747 1822 ἅπαντα
774 1759 974 1840 καταβαλεῖν
1001 1755 1059 1823 καὶ
1086 1768 1184 1835 τοίςιι

136 1870 231 1941 θεοῖς
264 1861 437 1949 ἐπιτρέψαι
467 1858 624 1949 πράττειν
652 1853 696 1940 ῶς
728 1859 924 1946 βούλονται,
958 1860 1152 1948 διελόμενον

136 1964 221 2055 πρὸς
258 1963 383 2052 αύτούς
420 1963 482 2053 τὴν
513 1967 700 2053 ἐπιμέλειαν
731 1962 794 2052 τὴν
825 1966 963 2061 ἑαυτοῦ,
1001 1967 1153 2055 καθάπερ

138 2069 240 2143 καλό
261 2071 443 2162 Σωκράτης
469 2068 577 2160 ἠξίου,
604 2071 661 2139 καὶ
688 2067 728 2139 τά
755 2068 816 2159 μὲν
835 2071 888 2140 ἐπὶ
916 2071 971 2139 σοὶ
998 2072 1153 2161 πράττειν

139 2175 184 2260 ῶς
211 2175 254 2247 ἀν
283 2178 465 2266 ἐνδέχηται,
491 2175 529 2246 τὸ
558 2175 596 2245 δέ
615 2173 696 2246 ὅλον
724 2173 775 2244 ἐπ’
805 2177 945 2256 ἐκείνοις
971 2188 1153 2264 ποιεῖσθαι,

138 2287 320 2372 κεκτῆσθαι
348 2282 386 2352 δὲ
413 2282 519 2371 μηδὲν
546 2281 630 2371 μηδὲ
659 2278 830 2373 ἁρπάζειν,
857 2280 898 2350 τά
926 2283 1090 2371 διδόμενα
1118 2282 1153 2352 δὲ
1166 2308 1188 2347 ω

139 2388 217 2478 παρ’
249 2385 362 2457 αὐτῶν
384 2385 544 2476 ἀσφαλῶς
567 2390 733 2477 δέχεσθαι.
769 2387 895 2475 ταύτην
922 2385 987 2475 ἐγῶ
1015 2396 1156 2477 νομίσας

87 2493 209 2567 τοτούκ
236 2492 370 2582 ἀσφαλῆ
403 2494 525 2582 μόνον,
539 2489 541 2494 ’
557 2492 641 2563 ἀλλά
673 2495 869 2584 πρέπουσαν
901 2491 1002 2582 ἀνδρὶ
1034 2502 1155 2587 μετρίφ

145 2601 294 2690 μνῶμην,
322 2602 392 2670 ἐπεὶ
419 2601 475 2669 καὶ
495 2598 563 2691 (τά)
592 2603 660 2668 τῶν
677 2603 770 2669 θεῶν
789 2599 945 2688 ἐσήμαινε
971 2599 1091 2690 ταύτῃ·
1118 2598 1154 2669 τδ

140 2707 203 2798 γάρ
236 2705 415 2795 ἐπιβουλὰς
447 2703 697 2794 εὐλαβούμενον
728 2704 788 2787 τὰς
819 2705 1004 2794 μελλούσας
1031 2712 1080 2788 είς
1107 2712 1156 2774 αί-

140 2812 245 2905 σχρδν
263 2815 317 2884 καὶ
336 2815 510 2905 προῦπτον
528 2815 685 2900 ἐμβαλεῖν
703 2809 826 2881 ἑαυτὸν
849 2817 1014 2881 κίνδυνον
1038 2815 1157 2893 δεινῶς
1169 2836 1190 2876 ιι

141 2921 295 3010 ἐφαίνετό
328 2947 384 3009 μοι
416 2921 632 3009 θορυβῶδες·
665 2916 750 2999 είξαι
782 2919 838 2988 καὶ
871 2913 1056 3006 ὑπήκουσα.
1103 2920 1157 2987 καὶ

191 3100 307 3184 ’4οδ]
327 3096 362 3155 ού
382 3111 436 3185 [ιρι.
517 3099 583 3184 δἐί
596 3118 625 3152 τι
641 3103 703 3152 Pet.
722 3099 832 3184 ορφοὶιλ
852 3101 884 3153 εί
897 3118 940 3180 τις
1020 3093 1159 3154 δάποδι-

143 3167 1159 3312 2352?pssetsso2332⁰²⁰⁰“3”{wavssoss’vwnfifi'ssssssq‘oslffl‘ss

143 3305 266 3360 σεαντού
283 3303 323 3374 Η]
343 3299 449 3358 ἐαντοῦ
521 3307 552 3357 11
571 3299 622 3373 τω]
642 3298 675 3355 τὸ
692 3309 748 3368 pet.
819 3306 850 3356 13
868 3302 916 3382 τίς
929 3302 964 3368 V]
983 3320 1026 3363 τις
1047 3301 1052 3370 λ
1074 3305 1159 3370 „Post

143 3378 258 3440 γελοῖον
276 3375 384 3425 videtur
403 3369 496 3426 εἰπεῖν
517 3370 640 3426 deesse.“
663 3371 731 3421 Rsk.
813 3373 845 3422 14
863 3387 936 3438 γοον
952 3371 977 3421 V
1010 3359 1064 3424 οὖν
1096 3369 1101 3438 Ι
1133 3365 1160 3423 ελ

143 3440 220 3523 Pet]
245 3437 272 3494 εί
359 3444 391 3493 18
409 3433 461 3507 ,ἐπὶ
479 3437 524 3492 οολ
542 3437 577 3506 V]
596 3431 647 3490 ἐπί
663 3452 706 3489 σοι
776 3441 808 3490 23
831 3433 866 3490 τά
890 3438 946 3490 τῶν
968 3368 1029 3494 ἀει,
1047 3436 1155 3505 spanh]

86 3531 87 3535 ¹
143 3525 200 3560 των
