2408 3856
476 166 610 218 ORATIO
633 165 655 220 1
1033 164 1074 229 χρ

33 381 36 385 ¹
41 321 150 381 μενοι
179 290 259 380 μετὰ
292 294 362 360 των
395 281 508 361 ὅπλων
536 299 636 362 έθεον
673 288 718 373 ὦς
745 294 882 394 ἕκαστος
898 291 1056 427 είχεω
1009 292 1072 426 ρά-

36 427 119 522 1μης
150 426 186 467 τε
218 399 275 467 καί
307 397 442 486 τάχους,
476 397 607 489 ἀπειροι
639 396 753 526 μὲη”
734 426 828 479 οντες
865 395 960 467 αὐτοὶ
993 403 1074 482 τέως

41 523 42 528 ’
62 509 113 593 τής
149 509 211 594 σής
249 511 519 594 στρατηγίας,ε
504 510 552 587 εςί
589 505 627 574 δὲ
662 503 725 593 τήν
760 501 894 593 ήλικίαν
930 501 1113 595 ὁρωντεςΒ

37 607 45 652 3
63 609 195 700 ἀμεινον
224 607 392 681 αὐτῶντὸ
413 614 588 702 συμφέρον
606 619 734 701 κρίνειν
756 604 858 700 ήττον
886 614 1072 681 ἐπίστευον·

7 743 43 814 μ’
63 720 111 786 καὶ
147 716 185 787 τό
223 715 349 798 πολλάς
385 718 689 806 συμκατειρμάσθαι
725 721 771 811 τῷ
808 720 906 806 πατρὶ
942 721 988 811 τῷ
1026 722 1074 811 σῷ

38 848 40 856 ’
65 825 162 912 μάχας
189 826 246 893 καί
280 827 441 914 κρατήσαι
472 827 644 913 πανταχοῦ
676 828 722 917 τῷ
751 831 864 894 δοκεῖν
893 822 1085 914 ἀηττήτους·

29 922 34 992 s
64 928 143 999 εἶναι
172 936 426 1019 συνηγωνίζετο.
471 931 601 1000 τούτων
629 932 666 1000 δὲ
699 928 841 1012 οὐδενὸς
873 938 1009 1001 ἔλαττον
1036 930 1074 1001 τὸ

64 1035 229 1127 παρεστὼς
252 1044 466 1127 Παρθυαίων
494 1041 570 1119 δέος
597 1040 719 1126 ἐπήρεν
747 1033 792 1118 ὦς
820 1034 883 1106 οὐκ
911 1035 1073 1124 ἀγωνισο-

64 1146 179 1229 μένους
206 1143 290 1234 πρὸς
317 1142 396 1224 τοὺς
423 1141 550 1233 ἀνδρας
568 1144 686 1232 μόνον,
714 1141 796 1213 ἀλλὰ
824 1145 879 1212 καὶ
907 1143 990 1233 πρὸς
1012 1143 1074 1232 τήν

8 1250 171 1340 μιχόραυ
199 1248 307 1339 αὐτήν
339 1256 411 1337 καί,
444 1260 477 1319 εί
500 1279 532 1318 τι
559 1258 671 1339 μεῖζον
703 1252 829 1332 ἔξωθεν
861 1257 1074 1339 προσπίπτοι,

66 1359 112 1424 καὶ
139 1357 265 1426 τούτου
293 1357 425 1438 πάντως
452 1357 685 1447 κρατήσοντας.
722 1361 845 1446 ταχέως
864 1349 927 1426 οὖν
955 1356 1074 1427 ἑκατὸν

24 1468 29 1547 ᾗ
65 1463 180 1548 μεταξὺ
222 1463 341 1532 στάδια
383 1463 565 1553 δραμόντες
606 1463 842 1553 ἐφειστήκεσαν
878 1462 944 1552 ήδη
981 1473 1113 1555 Hae-0

25 1576 36 1582 ’
32 1577 194 1652 θυαίοις
228 1576 276 1651 είς
307 1568 344 1638 τὸ
383 1586 489 1658 τεῖχος
519 1570 825 1658 καταπεφευμόσιν,
859 1567 876 1640 6
910 1571 1074 1661 πρότερον

36 1672 120 1764 ήδη
149 1683 310 1764 πεποίητο
339 1682 458 1764 σφίσιν
486 1674 595 1772 ὥσπερ
624 1677 858 1766 στρατόπεδον.
896 1679 1017 1767 ἑσπέρα
1037 1676 1074 1745 δὲ

26 1784 43 1851 ²1
35 1771 101 1868 ιιήν
126 1781 249 1852 λοιπὸν
276 1779 369 1851 καὶὸ
389 1782 531 1872 πόλεμος
558 1780 705 1852 αὐτόθεν
724 1784 980 1873 ξυνερρήμνυτο.
1017 1785 1073 1852 καὶ

26 1887 94 1956 τὸ
121 1890 183 1978 μὲν
216 1903 325 1977 τεῖχος
357 1892 512 1979 αίροῦσιν
545 1887 672 1970 εὐθέως
703 1887 783 1970 τούς
811 1887 1073 1978 (ἀμυνομένους)

61 1990 139 2087 ὑπὲρ
168 1993 277 2064 αὐτοῦ
304 2002 502 2076 κτείναντες·
531 1996 705 2083 γενόμενοι
733 1994 770 2062 δὲ
797 2003 875 2063 είσω
903 1999 971 2062 τῶν
999 1998 1074 2082 έρυ-

15 2164 19 2194 ÷
59 2102 169 2188 μάτων
207 2101 318 2171 πολὺν
354 2102 414 2190 μὲν
449 2099 628 2191 ήρίστευον
665 2101 803 2190 χρόνον,
840 2096 906 2169 ὑπὸ
944 2100 981 2169 δὲ
1013 2103 1075 2169 τοῦ

21 2271 23 2273 ,
59 2213 180 2291 δίψους
209 2207 422 2298 ἀπειρηκότες
449 2199 518 2297 ήδη
542 2210 597 2278 καὶ
617 2207 750 2289 λάκκοις
768 2205 890 2288 ὕδατος
918 2207 1073 2297 ἐντυχόν-

8 2342 107 2407 ιοτες
136 2321 249 2402 ἔνδον,
276 2313 339 2403 τήν
366 2321 544 2403 καλλίστην
572 2322 670 2403 νίκην
694 2317 894 2406 διέφθειραν
921 2317 977 2384 καὶ
1003 2329 1074 2397 τοῖς

39 2439 40 2445 ’
56 2429 227 2509 πολεμίοις
245 2424 414 2511 παρέσχον
433 2418 707 2510 ἀναμαχέσασθαι
726 2420 762 2490 τὸ
782 2436 937 2509 πταῖσμα.
974 2424 1072 2490 τοῦτο
1092 2429 1116 2482 Ι)

4 2542 11 2592 ἶ,
47 2530 148 2609 ,τέλος
176 2531 234 2615 τής
252 2529 359 2616 μάχης
381 2531 509 2616 ἐκείνης
536 2531 663 2615 μέμονε,
691 2542 778 2617 τρεῖς
795 2528 857 2616 μὲν
880 2524 900 2615 ή
919 2529 1075 2616 τέτταρας

1 2660 10 2718 χ’
42 2631 267 2723 ἀφελομένης
294 2639 363 2702 των
389 2632 467 2726 παρ’
498 2631 595 2722 ήμῐν,
627 2641 841 2724 Παρθυαίων
869 2634 907 2702 δὲ
933 2634 992 2703 τὸν
1021 2634 1073 2702 ἐπὶ

123 2871 141 2918 4
165 2861 263 2918 αὐτῶν
285 2867 344 2918 VM
412 2870 428 2918 6
453 2859 483 2919 τὸ
503 2865 602 2919 δοκεῖν
620 2867 643 2914 V
667 2857 714 2931 1’
691 2863 857 2952 αηττήτους
875 2860 949 2933 Η]’
931 2885 950 2917 α
953 2865 1074 2934 η’ττητος

56 2937 87 2996 V,
106 2927 282 3001 ἀήττητοιν
351 2936 366 2984 8
389 2927 535 3001 παρεστώς
554 2933 735 2996 Παρθυαίων
755 2934 821 2994 δεος
826 2933 872 3014 V]
892 2934 1073 3015 Παρθυαίων

56 2979 783 3149 66666’‘6660660666066666‘66
798 2994 928 3148 62⁰6
950 3000 1074 3134 6⁰66}

56 3134 98 3191 ἔτι
116 3139 139 3188 V
142 3139 159 3221 Ι
175 3138 360 3202 προσπίπτον
375 3139 400 3188 V
470 3141 500 3188 11
519 3131 716 3205 κρατήσοντας
733 3137 773 3203 Μ]
794 3132 989 3205 κρατήσοντας
1042 3139 1073 3186 12

56 3201 225 3287 δραμόντες]
253 3199 487 3284 διαδραμόντεςῖ
568 3209 602 3256 14
626 3205 776 3272 πεποίητο]
806 3206 891 3255 Immo
919 3195 1074 3285 ἐπεποίητο

56 3277 87 3326 15
113 3265 223 3326 αότόθι
246 3275 271 3325 V
353 3277 384 3324 16
411 3264 611 3341 ἀμυνομένους
635 3275 696 3324 εδδ.
720 3276 760 3336 Η,
789 3265 855 3330 τοὺς
881 3261 956 3351 όπὲρ
983 3264 1074 3323 αὐτοῦ

54 3339 237 3424 μαχομένους
255 3340 367 3392 volebat
384 3342 452 3392 Rsk.
523 3345 554 3392 17
578 3340 743 3398 κτείναντες
754 3311 853 3392 ταδ’
835 3333 999 3405 αμόναντες
1016 3339 1074 3389 VM

55 3413 87 3461 19
110 3417 137 3460 et
161 3412 194 3461 20
221 3402 390 3474 ἐντυχόντες
413 3405 499 3461 ένδον
521 3406 562 3475 V]
592 3404 677 3460 ἔνδον
682 3401 975 3528 έντνχόντεςὲ
936 3409 967 3456 21
992 3412 1019 3457 et
1041 3409 1074 3457 22

54 3477 141 3530 τοῦτο
165 3469 197 3528 τό
220 3472 302 3536 τέλος
325 3477 435 3528 Schaef.
514 3479 547 3528 22
574 3476 626 3542 τῆς
648 3469 741 3542 μάχης
780 3474 877 3542 κείνης
899 3469 975 3542 V]6
976 3475 1075 3543 κείνης
1170 3516 1176 3519 ,

56 3544 108 3611 ¹⁷6⁹
124 3561 219 3612 μαλης
