2408 3856
484 123 617 177 οεετιο
636 127 658 176 1.
1034 124 1076 188 47

109 279 188 338 ους,
215 252 271 320 καὶ
290 246 309 319 ὁ
328 249 444 339 θώραξ
464 249 528 340 (ἐκ)
556 251 735 339 τμημάτων
761 249 844 319 κατά
871 249 909 320 τὸ
938 253 1079 340 στέρνον

109 363 116 426 λ
144 354 187 436 τά
215 360 306 426 νῶτα
334 357 634 445 συναρμοζόμενος,
661 354 699 424 τὸ
717 356 840 445 κράνος
858 352 948 448 αύτῷ
975 377 1077 446 προσ-

101 489 141 556 ιφ
170 464 338 552 σιδηροῦν
364 464 573 550 ἐπικείμενον
609 459 809 552 ἀνδριάντος
839 465 994 550 λαμπροῦ
1021 465 1076 531 καὶ

99 576 258 657 ίλβοντος
284 570 418 658 παρέχει
445 565 508 655 τῆν
535 566 630 654 ὄψιν,
663 569 732 638 ἐπεὶ
760 567 844 656 μηδὲ
871 570 995 655 κνῆμαι
1022 570 1077 636 καλ

5 752 27 775 ν
63 677 165 765 ,ηροὶ
199 673 283 762 μηδὲ
315 670 412 761 άκροι
442 673 544 756 πόδες
575 676 633 762 τῆς
666 677 787 761 σκευῆς
812 673 936 760 ταύτης
962 678 1078 761 ἐρημοι

20 771 24 775 ’
101 789 242 850 ίπονται.
293 782 594 868 συναρμοζομένων
626 779 664 848 δέ
696 777 810 847 αύτεόν
845 794 916 859 τοῖς
947 778 1078 866 θώραξι

93 888 116 957 ά
144 913 251 955 τινων
269 888 305 954 ἐκ
323 891 442 973 κρίκου
460 889 581 955 λεπτοῦ
609 886 843 972 πεποιημένων
867 886 970 953 οίονεὶ
989 880 1076 972 ύφα-

93 992 198 1062 ιάτων
231 988 333 1060 οὐδὲν
361 986 404 1058 άν
438 987 563 1079 όφθείη
595 994 657 1059 τοῦ
686 990 837 1078 σώματος
863 989 994 1078 γυμνὸν
1020 992 1075 1078 μέ·
1095 1019 1131 1069 38

61 1124 129 1188 ρος,
157 1095 216 1166 άτε
243 1099 299 1166 καὶ
326 1099 394 1164 τῶν
411 1099 532 1186 χειρῶν
558 1111 629 1178 τοῖς
651 1092 825 1184 ὑφάσμασι
852 1097 986 1176 τούτοις
1004 1116 1076 1165 σκε-

16 1219 49 1295 ξῑιο
60 1206 219 1292 πομένων
241 1199 325 1293 πρὸς
346 1200 384 1271 τό
403 1204 458 1271 καὶ
477 1204 720 1291 καμπτομένοις
746 1205 990 1271 ἐπακολουθεῖν
1006 1216 1078 1283 τοῖς

61 1309 247 1390 δακτύλοις.
296 1311 401 1376 ταῦτα
433 1305 450 1376 ὁ
483 1308 582 1393 λόγος
618 1311 827 1398 παραστῆσαι
863 1307 924 1395 μὲν
961 1311 1078 1396 σαφῶς

16 1418 21 1423 ”
69 1417 231 1502 ἐνθυμεῖ,
259 1411 520 1502 ἀπολειπόμενος
547 1413 584 1482 δέ
611 1412 735 1495 θεατάς
761 1416 830 1482 των
857 1410 971 1483 ὅπλων
997 1412 1077 1496 τοὺς

5 1572 11 1595 ,ι
60 1532 186 1608 μαθεῖν
216 1547 248 1587 τι
284 1521 385 1589 πλέον
411 1520 615 1611 ἐθέλοντας,
648 1515 722 1607 ούχὶ
755 1519 792 1587 δὲ
824 1516 988 1608 άκροατδις
1018 1524 1077 1608 τῆς

5 1648 12 1703 15
60 1622 143 1715 ὑπὲρ
172 1623 286 1694 αὐτῶν
314 1625 498 1714 διηγήσεως
523 1622 614 1706 άξιοῖ
638 1627 806 1713 γενέσθαι.

5 1733 50 1808 ἰε
137 1729 249 1819 Ἡμεῖς
281 1731 319 1799 δὲ
346 1729 459 1818 ἐπειδῆ
490 1728 551 1800 τὸν
581 1733 716 1859 πρῆτον
747 1730 893 1819 πόλεμον
925 1731 1076 1819 διεληλύ-

89 1865 182 1967 αμεν,
209 1836 378 1925 ληγούσης
404 1834 469 1925 ῆδη
496 1840 554 1925 τῆς
582 1834 725 1966 ὀπάρρς,
753 1829 807 1926 ἆρ’
837 1836 987 1906 ἐνταῦθα
1013 1835 1076 1926 τῆν
1092 1859 1117 1910 Β

5 2008 80 2064 3
66 1942 220 2066 ,ιῆγησιν
246 1942 348 2011 πάλιν
375 1939 564 2031 άφῆσομεν;
596 1938 617 2030 ῆ
646 1942 779 2022 πάντως
810 1940 847 2010 τὸ
875 1939 1014 2022 τέλος’
995 1967 1074 2011 απο-

12 2051 25 2060 “
68 2053 182 2118 ιῦναι
214 2052 284 2118 τῶν
318 2054 426 2136 ἔργων
457 2052 628 2119 ποθουσιν
661 2045 769 2128 άξιον;
803 2046 941 2132 ἐπέλαβε
968 2045 1029 2133 μὲν
1057 2044 1075 2116 ὁ

89 2153 183 2244 ,ιμών
220 2155 277 2224 καὶ
314 2155 456 2242 παρέσχε
492 2159 674 2242 διαφυγεῖν
713 2149 775 2240 τῆν
815 2157 976 2241 τιμωρίαν
1016 2150 1077 2221 τὸν

89 2261 239 2352 ίραννον,
285 2260 480 2350 κηρύγματα
513 2251 598 2328 δέ
577 2288 620 2347 ην
652 2257 785 2349 λαμπρά
816 2259 872 2327 καὶ
904 2261 1077 2346 βασιλικῆς

93 2377 134 2446 {aa
160 2372 422 2455 μεγαλοψυχίας·
450 2363 546 2434 άδεια
572 2365 611 2434 δὲ
633 2368 735 2434 πᾶσιν
763 2367 894 2433 ἐδίδοτο
922 2379 993 2445 τοῖς
1019 2391 1074 2433 τα-

93 2476 212 2561 ιμένοις
244 2469 325 2560 μετά
356 2474 418 2540 τοῦ
448 2470 634 2559 τυράννου,
666 2468 755 2558 πλῆν
786 2480 819 2539 εί
846 2496 896 2552 τις
928 2467 1076 2537 άνοσίων

89 2586 174 2671 ,είνφ
218 2577 339 2665 φόνων
376 2576 560 2647 ἐκοινώνει·
602 2573 838 2664 ἀπελάμβανον
873 2574 933 2656 τάς
970 2580 1077 2655 οίκίας

5 2730 10 2786 ;
62 2709 205 2764 οπαντες
232 2684 288 2751 καί
315 2681 356 2761 τά
382 2682 534 2771 χρήματα
560 2683 617 2750 καὶ
643 2686 805 2772 πατρίδας
833 2685 868 2750 οί
893 2680 978 2769 μηδὲ
997 2677 1074 2762 ὅψε-

5 2790 146 2858 δνσθαί
171 2816 204 2857 τι
235 2791 304 2856 τῶν
331 2788 499 2874 φιλτάτων
527 2784 641 2868 αὐτοῖς
672 2790 864 2869 ἐλπίζοντες.
910 2774 1115 2873 ὑπεδέχουῦ

5 2968 9 3013 5
89 2908 95 2961 ἰ
123 2892 288 2964 ναυτικὸν
316 2895 352 2962 ἐκ
378 2896 436 2981 τῆς
459 2890 598 2973 Ἰταλίας
625 2892 904 2981 ἐπανερχόμενον,
931 2890 1076 2971 πολλοὺς

70 3002 192 3070 ’κεῖθεν
224 3005 362 3079 πολίτας
392 2997 538 3085 κατάγον
570 2999 759 3087 φεύγοντας
791 2997 883 3086 οἶμαι
913 2995 976 3084 τῆν
1008 2998 1076 3064 τῶν
1108 3072 1110 3075 ,

131 3219 146 3267 1
172 3208 204 3267 ἐκ
228 3216 288 3267 add.
310 3217 378 3270 Rsk.
447 3218 463 3265 2
486 3208 521 3266 τά
543 3212 620 3267 νῶτα
638 3213 685 3296 M]
675 3213 787 3282 ]να”ιτα
855 3216 871 3264 3
893 3203 1075 3291 ἐπικείμενρν

5 3314 9 3350 7
58 3283 94 3352 Η]
101 3276 300 3366 ἐπικείμενος
356 3285 441 3334 7et8
460 3278 550 3334 οἱονεὶ
569 3275 647 3334 δι’ύ
674 3275 829 3360 αομμίτωνῖ
886 3281 918 3329 16
931 3282 960 3328 ελ
972 3271 1056 3346 17τ
1059 3296 1076 3329 ν

5 3376 8 3383 2
60 3345 137 3418 διήγ.
158 3344 248 3402 πάλιν
267 3343 420 3417 άφῆσομεν
437 3347 472 3416 V]
490 3342 613 3402 κύλικ’
596 3367 638 3416 αφ
660 3364 685 3404 ο.
704 3341 759 3415 τῆν
778 3338 855 3466 διῆγ.
885 3347 1003 3412 Propter
1020 3297 1075 3397 πά-

5 3427 6 3440 ’
58 3420 163 3538 mles.
183 3418 248 3469 590
269 3421 417 3535 Μ18τοις
434 3416 579 3490 ποθονοιν
596 3417 688 3468 malim
729 3418 779 3474 23
797 3405 837 3466 άπ
840 3408 944 3480 έλαβον
961 3413 1015 3463 Μ
1041 3416 1073 3464 27

59 3487 113 3538 πολ
126 3501 180 3545 τας
198 3501 250 3536 om.
