2436 3870
137 143 203 207 430
439 138 584 190 IULIANI
600 138 849 191 IMPERATORIS

139 266 285 362 ἐμαυτὸν
312 267 377 358 ἐγὼ
404 268 592 358 μακρότερα
615 264 884 357 ἀπολογούμενος
910 266 994 357 πρὸς
1022 270 1156 352 είθότας

25 404 26 407 ’
138 375 239 467 ὑμᾶς,
272 369 298 446 ὦ
326 380 393 446 Ζεῦ
424 377 481 446 καὶ
512 382 605 444 θεοί·
639 374 755 464 διόπερ
786 402 844 463 μοι
874 377 933 462 τῆς
958 383 1157 465 προπετείας

115 468 277 573 Δταυτησὶ
305 483 542 572 συγγνώμονες
569 485 735 570 γένοισθε.

218 592 447 680 Παυσαμέυου
475 589 512 658 (II
539 591 595 659 καὶ
622 592 722 658 τοῦδε
745 591 808 658 τοῦ
835 589 951 675 λόγου,
977 586 1040 658 τὸν
1058 597 1154 659 Κων-

102 711 319 767 Βσταντίνον
347 692 364 764 ὸ
388 693 509 786 Ἑρμής
527 693 636 786 ήρετο,
663 693 718 764 Σὸ
746 694 783 764 ὸὸ
801 702 837 764 τί
860 693 964 765 καλὸν
983 695 1179 785 ἐνόμισας;ε

138 803 270 891 Πολλά,
298 800 381 889 εἶπε,
408 801 616 892 κτησάμενον
643 801 749 872 πολλὰ
776 807 996 893 χαρίσασθαι,
1024 817 1098 885 ταῖς
1123 800 1152 871 τ’

64 936 67 940 ‘
139 913 333 999 ἐπιθυμίαις
352 923 431 991 ,ταῖς
458 911 582 980 ἑαυτοῦ
609 911 667 979 καὶ
693 924 766 991 ταῖς
791 911 860 978 των
887 916 999 997 φίλων
1024 906 1152 999 ὑπουρ-

138 1019 274 1104 γοῦντα.
324 1013 558 1104 ἀνακαγχάσας
595 1008 659 1086 οὖν
691 1010 710 1084 ὸ
742 1013 906 1105 Σειληνὸς
937 1018 1034 1103 μέγα,
1062 1012 1148 1084 Ἀλλ’

138 1115 159 1214 ή
191 1131 382 1215 τραπεζίτης
414 1121 516 1215 εἶναι,
548 1129 630 1214 ἔφη,
662 1124 774 1193 θέλων
805 1122 974 1210 ἐλελήθεις
1011 1121 1154 1192 σεαυτόν

139 1226 306 1311 ὀψοποιοῦ
342 1231 398 1298 καὶ
434 1235 644 1320 κομμωτρίας
682 1235 759 1318 βίον
796 1235 895 1317 ἔχωνς
933 1225 1082 1319 ήνίττετο
1119 1225 1150 1299 θ’
1167 1251 1190 1291 1⁰

138 1332 225 1404 αὐτὸ
256 1335 357 1404 πάλαι
389 1334 451 1422 μὲν
477 1332 500 1422 ή
526 1360 561 1404 τε
592 1334 679 1424 κόμη
706 1335 744 1404 τό
770 1362 806 1404 τε
838 1334 943 1422 εἶδος,
977 1332 1061 1427 άτὸιρ
1089 1338 1155 1404 νῦν

137 1442 193 1511 καὶ
231 1436 251 1529 ή
288 1439 404 1535 γηιόμη
443 1443 509 1509 σοῦ
543 1455 729 1532 κατηγορεῖ.
778 1442 903 1511 τούτου
940 1441 1001 1529 μὲν
1040 1433 1105 1510 οὖν
1137 1438 1153 1511 ὸ

138 1543 304 1635 Σειληνὸς
330 1546 527 1637 πικρότερόν
554 1573 624 1630 πως
648 1548 833 1636 καθήψατο.

99 1662 119 1720 0
218 1657 357 1742 Σιωπής
393 1653 431 1722 δὲ
467 1657 650 1743 γενομένης
686 1660 811 1744 ἔφερον
851 1657 888 1723 ολ
924 1656 1002 1723 θεοὶ
1044 1654 1154 1747 λάθρη

138 1757 196 1840 τάς
214 1759 360 1848 ψήφους.
396 1757 467 1828 εἶτα
486 1761 641 1847 ἐγένοντο
660 1762 778 1830 πολλαὶ
797 1763 844 1853 τῷ
861 1759 1003 1852 Μάρκῳ.
1041 1780 1187 1830 nomo-1⁶

137 1865 365 1954 λογησάμενος
406 1867 444 1934 δὲ
491 1862 509 1935 ὸ
551 1864 638 1948 Ζεὺς
680 1873 751 1957 ίὸίηι
797 1865 880 1956 πρὸς
925 1864 988 1934 τὸν
1028 1869 1153 1957 πατέρα

137 1973 317 2062 προσέταξε
335 1974 477 2063 κηρῦξαι
493 1975 540 2065 τῷ
564 1969 675 2062 Ἑρμῇ.
712 1968 730 2041 ὸ
750 1971 788 2041 ὸὸ
806 1972 996 2062 ἐκήρυττεν,
1014 1971 1154 2063 ’Ἆνὸρες

139 2081 175 2146 οί
199 2078 425 2167 παρελθόντες
452 2080 504 2147 ἐπὶ
532 2081 668 2148 τουτονὶ
695 2077 757 2148 τὸν
785 2075 915 2166 ἀγῶνα,
942 2078 1043 2165 νόμοι
1070 2075 1149 2168 παρ’

137 2178 219 2271 ήμῖν
251 2190 316 2253 είσι
347 2186 403 2253 καὶ
437 2191 562 2275 κρίσεις
597 2188 749 2254 τοιαῦται
781 2191 948 2277 γίνονται,
982 2181 1068 2254 ὥστε
1096 2187 1152 2254 καὶ

131 2287 198 2358 τὸν
225 2292 372 2358 νικῶντα
403 2297 532 2378 χαίρειν
559 2293 615 2360 καὶ
642 2290 703 2360 τὸν
734 2288 926 2379 ήττωμενον
957 2289 1002 2378 μή
1030 2293 1186 2379 μέμφε-λ)

139 2405 230 2463 σθαι.
280 2395 466 2485 πορεύεσθε
503 2387 580 2484 οὖν,
619 2396 726 2484 εἶπεν,
763 2395 840 2466 ὅποι
876 2403 979 2484 φίλον
1015 2397 1152 2489 ἑκάστῳ,

93 2495 204 2568 θὺπὸ
232 2496 326 2581 θεοῖς
357 2497 496 2590 ήγεμόσι
523 2504 726 2592 βιωσόμενοι
751 2496 789 2571 τὸ
823 2505 995 2572 ἐντεῦθεν·
1025 2505 1151 2572 ἑλέσθω

138 2601 170 2673 δ’
206 2607 342 2688 ἕκαστος
379 2609 486 2700 ἑαυτῷ
518 2608 578 2678 τὸν
614 2608 805 2701 προστάτην
835 2635 870 2678 τε
906 2610 962 2678 καὶ
995 2604 1151 2697 ήγεμόνα.

205 2841 219 2889 1
238 2833 415 2906 μακρότερον
433 2841 462 2890 Μ
530 2846 545 2894 3
564 2837 701 2907 γένοισθε
718 2838 827 2906 VBav.]
846 2837 969 2906 γένεσθε
1026 2843 1042 2890 6
1059 2834 1151 2891 πολλά

136 2901 211 2972 κτλ]
234 2907 357 2972 Respicit
379 2908 451 2958 hunc
473 2908 564 2959 locum
586 2911 709 2960 Zonaras
729 2912 776 2972 13,
794 2911 811 2958 4
835 2907 908 2971 (Vol.
925 2909 968 2959 IlI
992 2924 1018 2973 p.
1039 2909 1102 2970 187,
1122 2909 1152 2956 15

135 2972 229 3053 Disd.)
253 2975 257 3041 Ι
284 2979 349 3053 ταῖς
367 2967 394 3026 τ’
412 2977 514 3026 MBav.
548 2980 613 3036 ταῖς
630 2992 662 3029 τε
730 2973 814 3027 'lsai
832 2973 890 3028 τῶν
907 2976 1002 3055 φέρων
1019 2973 1151 3055 νΜΒην.

136 3041 339 3110 8οσειληνος
356 3037 431 3108 μέγα
448 3044 506 3094 VM
572 3041 623 3110 ε’γα
642 3037 656 3095 ὃ
677 3036 819 3106 Σειληνὸς
905 3039 1091 3108 9ηΜΒαν.]
1108 3040 1149 3107 ηΙ

138 3101 227 3172 εἶναι,
253 3105 325 3175 ἔφη,
347 3106 444 3162 θέλων
464 3108 506 3177 V]
536 3061 592 3178 άήιη
615 3108 713 3162 θέλων
737 3107 867 3173 εἶναιν,
899 3105 956 3176 ἔφη
975 3126 1027 3164 om.
1046 3110 1150 3172 MAug.

134 3173 202 3229 Bav.
216 3177 285 3228 Pad
304 3184 378 3229 cant.
398 3182 455 3242 pet.
488 3177 493 3243 Ι
526 3171 649 3230 σεαυτὸν
668 3178 811 3245 θΜΒεν]
830 3177 954 3229 σεαυτοῦ
1038 3179 1071 3228 10
1088 3174 1152 3241 βίον

136 3237 222 3308 ἔχων]
245 3242 271 3308 β.
291 3236 370 3309 άγων
391 3245 472 3309 Res,
502 3245 602 3311 Μῶν
626 3245 692 3296 Oob.
727 3245 731 3308 Ι
764 3240 794 3298 θ’
818 3242 860 3312 V]
885 3241 918 3296 δὲ
1005 3248 1047 3295 11·
1068 3239 1101 3294 τό
1122 3258 1152 3293 τε

134 3309 328 3379 VMBav.Pd]
347 3311 398 3364 καὶ
416 3306 458 3365 τὸ.
487 3315 542 3364 vid.
561 3313 640 3364 Iliad.
659 3329 685 3378 γ,
704 3314 737 3364 55
825 3316 858 3364 14
880 3309 1035 3392 γενομένης
1053 3312 1151 3374 VAug'.

135 3378 167 3425 15
190 3369 339 3445 ἐγίγνοντο
355 3381 392 3439 V,
417 3373 546 3447 ἐγίνοντο
568 3383 671 3446 MAug.
758 3383 789 3432 17
819 3379 943 3446 κηρνξαι
973 3381 1076 3445 scripsi
1104 3393 1151 3443 pro

135 3443 257 3510 κηρύξαι
326 3451 358 3499 21
378 3440 454 3513 ὅποι]
475 3444 507 3500 οἷ
520 3450 558 3514 Μ,
578 3436 596 3515 ή
615 3450 687 3510 Aug.
707 3455 781 3499 eant.
801 3454 857 3514 pet.
927 3451 961 3499 22
980 3439 1152 3515 βιωσόμενοι

134 3510 246 3579 Mag.)
265 3511 315 3566 καλ
333 3509 505 3583 βιωσόμενοι
580 3501 624 3567 ‘23
643 3511 671 3566 δ’
692 3513 729 3583 V]
749 3511 783 3566 δὲ
