2446 3870
851 18 934 30 “mn-.-

154 151 215 217 100
455 154 599 207 IULIANI
616 154 864 207 IMPERATORIS

152 304 224 351 νων
252 278 352 362 αὐτὸς
385 282 553 369 ἐξαγγελεῖ
581 283 637 352 καὶ
666 282 868 370 διηγήσεται.
913 279 965 350 τδ
980 280 1018 350 δὲ
1050 282 1104 349 ἐπὶ
1131 281 1169 351 τό

151 401 265 478 χεῖρον
297 399 472 478 μιμεῖσθαι
502 391 750 475 καταγέλαστον
781 390 837 458 καὶ
866 384 929 457 ούκ
956 385 1052 468 ἀξιον
1079 390 1171 458 ἐλευ-

111 488 258 588 Βθέρας
289 498 398 584 ψυχῆς
434 496 489 565 καὶ
526 501 720 583 γενναίαςκι
740 495 781 564 τόι
813 495 874 583 μὲν
911 492 953 582 δή
990 493 1172 582 θαυμαστὰ

115 596 117 599 ’
150 604 220 670 τῶν
253 607 361 691 ἔργων
392 603 448 693 καὶ
481 597 616 671 ὁπόσων
649 599 667 671 ὁ
699 600 804 683 πολὺς
835 598 950 689 ὅμιλος
981 600 1103 691 θεατής
1135 628 1171 671 τε

152 709 282 794 ε’γίνετο
310 710 366 776 καὶ
395 697 547 791 διασῶζει
574 707 637 797 τήν
663 708 798 797 μνήμην
825 704 887 790 ξὺν
920 705 1084 797 εὐφημίᾳ,
1112 705 1198 778 ἀτεσ

152 817 187 895 ἐς
215 813 281 904 (τὸ)
309 816 403 896 τέλος
430 812 571 907 ἀφορῶν
597 817 653 884 καὶ
679 818 749 883 τῶν
771 806 811 883 εὖ
836 810 858 903 ή
886 816 994 894 κακῶς
1021 802 1170 902 ἀποβάν-

152 946 221 988 των
248 917 361 1012 κριτής
388 920 560 1004 καθεστῶς
578 924 634 991 καὶ
662 922 834 1009 ἐπαινέτης
853 917 891 988 ου’
922 919 1010 1007 μάλα
1028 915 1169 1007 ἀστεῖος,

152 1023 316 1123 ἀκηκόατε
343 1029 500 1110 πολλάκις
527 1032 596 1097 τῶν
623 1033 796 1117 μακαρίων
825 1028 996 1114 σοφιστῶν
1023 1027 1080 1094 καὶ
1107 1029 1170 1095 τού

151 1137 328 1222 ποιητικοῦ
355 1135 476 1220 γένους
502 1134 585 1225 πρὸς
612 1132 724 1203 αὐτῶν
754 1135 824 1201 τῶν
851 1135 989 1220 μουσῶν
1017 1135 1169 1202 ἐπιπνεο-

152 1241 273 1328 μένον,
306 1237 390 1308 ῶστε
422 1236 508 1326 ὑμᾶς
539 1239 668 1308 τούτων
705 1241 802 1308 ἕνεκα
833 1241 889 1308 καὶ
927 1238 1170 1327 διωχλήκαμευ,
1186 1270 1213 1310 ιο

152 1346 378 1435 μακροτέρους
413 1344 493 1426 τοὺς
528 1341 613 1435 ὑπὲρ
650 1342 764 1414 αὑτῶν
800 1344 996 1433 ποιούμενοι
1033 1345 1169 1432 λόγους·

113 1451 209 1522 Οκαὶ
235 1451 299 1542 γάρ
332 1452 403 1519 ἐστε
436 1457 512 1520 λίαν
544 1449 656 1521 αὐτῶν
688 1450 753 1541 ήδη
788 1458 954 1541 διακορεῖς
985 1451 1040 1521 καὶ
1073 1447 1171 1539 ὑμῶν

152 1558 220 1625 ἐστι
246 1555 288 1625 τὰ
316 1549 384 1626 ῶτα
411 1557 534 1647 πλήρη,
566 1560 622 1627 καὶ
651 1556 693 1627 ού
720 1559 764 1647 μή
796 1583 875 1628 ποτε
907 1560 1102 1627 ἐπιλίπωσιν
1137 1563 1173 1627 οί

150 1663 281 1732 τούτων
307 1672 453 1752 ποιηταί,
480 1658 654 1752 πολέμους
668 1661 853 1752 ὑμνοῦντες
880 1666 936 1733 καὶ
964 1670 1059 1745 νίκας
1085 1661 1169 1733 ἀνα-

151 1770 371 1860 κηρύττοντες
398 1774 531 1862 λαμπρᾷ
558 1775 598 1861 τή
627 1774 725 1860 φωνή
752 1768 836 1840 κατὰ
864 1769 944 1852 τοὺς
968 1766 1171 1858 Ὀλυμπίασι
1186 1800 1211 1841 15

151 1874 311 1965 κήρυκας·
339 1880 548 1969 παρέσχεσθε
574 1876 638 1968 γὰρ
667 1874 761 1966 ὑμεῖς
779 1879 847 1945 τῶν
874 1873 1011 1965 ἀνδρῶν
1037 1877 1171 1946 τούτων

152 1979 338 2072 ἀφθονίαν,
366 1981 518 2076 ἀσμένως
546 1983 775 2064 ἐπακούοντες.
821 1984 877 2052 καὶ
905 1979 1007 2052 ούδέν
1032 1993 1169 2071 θαυμα-

153 2090 241 2159 στόν.
287 2092 352 2160 είσὶ
384 2090 448 2182 γὰρ
482 2095 520 2159 αί
543 2091 674 2160 τούτων
706 2087 889 2178 ὑπολήψεις
919 2086 1061 2176 ἀγαθῶν
1092 2092 1170 2182 πέρι

108 2197 208 2266 Βκαὶ
236 2197 378 2284 φαύλων
408 2211 481 2277 ταῖς
512 2193 687 2287 ὑμετέραις
714 2199 893 2284 ξυγγενεῖς,
920 2196 976 2265 καὶ
1004 2192 1168 2283 ἀπαγγέλ-

91 2339 96 2346 1
152 2309 249 2369 λουσι
281 2300 365 2391 πρὸς
395 2298 482 2389 ὑμᾶς
509 2300 550 2369 τὰ
582 2299 678 2389 ὑμῶν
711 2300 823 2371 αὐτῶν
852 2302 1073 2391 διανοήματα,
1107 2300 1168 2392 (ἃ)
1187 2332 1212 2391 Ιο

153 2403 263 2497 ῶσπερ
291 2409 418 2494 ἐσθήτα
445 2414 601 2495 ποικίλην
628 2423 698 2489 τοῖς
725 2405 866 2496 ὀνόμασι
893 2407 1168 2497 σκιαγραφήσαυ-

152 2539 205 2593 τες
232 2514 288 2581 καὶ
316 2512 557 2595 διαπλάσαντες
580 2510 730 2602 ήδίστοις
754 2519 899 2604 ῥυθμοῖς
917 2516 974 2584 καὶ
1001 2513 1168 2602 σχήμασιν

153 2614 198 2698 ῶς
226 2618 269 2706 δή
296 2646 328 2687 τι
355 2616 474 2689 καινόν
502 2615 657 2711 εὑρόντες
681 2627 728 2702 είς
755 2617 841 2709 ὑμᾶς
868 2618 1044 2712 φέρουσιν·
1073 2616 1169 2709 ὑμεῖς

153 2723 190 2794 δέ
231 2722 369 2814 ἀσμενοι
411 2729 654 2817 παραδέχεσθε,
695 2729 752 2796 καὶ
793 2729 942 2808 ἐκείνους
981 2753 1016 2794 τε
1053 2736 1167 2796 οίεσθε

152 2826 265 2920 ὀρθῶς
293 2835 456 2920 ἐπαινεῖν,
489 2833 621 2916 τούτοις
652 2861 687 2902 τε
720 2831 948 2903 ἀποδίδοσθαι
975 2831 1012 2901 τὸ
1041 2837 1166 2923 προσή-
1179 2858 1202 2901 ιε

151 2937 214 3007 κόν
247 2966 338 3026 φατε.
389 2939 427 3008 τὸ
460 2941 501 3009 δέ
526 2942 596 3009 ἐστι
626 2940 687 3028 μὲν
716 2949 796 3021 ίσως
824 2937 962 3027 ἀληθές,
993 2937 1098 3026 τυχὸν
1131 2939 1167 3009 δὲ

218 3122 298 3190 4τε]
317 3139 349 3190 γε
366 3124 391 3175 V
459 3117 530 3175 6τό
548 3124 610 3176 add.
629 3124 696 3175 Rsk.
766 3122 862 3176 9τῶν
879 3139 931 3175 om.
951 3125 976 3176 V
1005 3122 1009 3186 Ι
1034 3117 1166 3176 ἐπιπνεο-

151 3185 257 3257 μόνους
279 3192 303 3239 V
372 3193 404 3244 13
426 3182 595 3243 ἐπιλίπωσιν
618 3189 660 3256 Η]
686 3183 870 3244 ἐπιλείπωσιν
940 3193 971 3242 15
990 3184 1167 3257 Ὀλυμπίασι

151 3248 433 3325 οεη1.]’ολυμπιο”ισι
456 3252 641 3326 (Ὀλυμπιάσι
657 3257 730 3324 VM)
801 3263 832 3311 16
853 3257 1018 3326 παρέχεσθε
1035 3260 1064 3308 Μ
1135 3261 1167 3311 18

150 3322 217 3391 πέρι
234 3324 304 3392 VM]
323 3324 390 3390 περὶ
461 3329 492 3378 19
510 3324 560 3378 καλ
579 3322 700 3394 φαύλων
718 3325 788 3392 Pet]
807 3325 942 3393 κεφαλῶν
1010 3328 1044 3378 20
1062 3316 1082 3377 δι’
1101 3327 1164 3382 add.

150 3393 220 3445 Rsk.
288 3397 321 3444 21
344 3387 456 3462 ἐσθῆτα
477 3393 614 3462 ποικίλην
635 3394 768 3445 Matthias
791 3396 891 3446 Sladus
913 3397 943 3445 in
966 3393 1093 3460 exemplo
1117 3410 1166 3447 εοο

149 3458 322 3512 Petavianae
346 3461 490 3526 editionis,
514 3463 585 3528 quod
608 3467 706 3529 postea
728 3463 839 3514 ReIskii
861 3458 1037 3528 factumest]
1062 3454 1167 3528 ἐσθῆτι

136 3523 263 3595 ποικιλγ
333 3530 368 3579 24
386 3521 518 3591 ἐκείνους
534 3546 566 3582 τε
584 3529 652 3598 VM]
674 3525 803 3591 ἐκείνους
871 3532 905 3581 25
923 3521 1038 3589 τούτοις
1057 3524 1090 3582 δὲ
1108 3531 1134 3582 V
