2436 3870
134 155 198 221 412
432 152 579 217 mmm
600 154 850 207 IMPERATORIS

135 287 312 375 παρῆλθον
344 297 414 363 τοῖς
445 288 563 371 ἔργοις.
607 282 663 350 καί
694 283 764 348 τῶν
795 282 884 368 ἐμῶν
917 280 978 368 μὲν
1005 284 1150 349 πολιτῶν

136 383 175 460 εὖ
202 388 279 459 odda
307 386 353 471 ῶς
380 385 493 470 οὐδεὶς
511 384 762 475 άντιποιήσεταί
785 407 848 475 μοι’
869 390 938 454 τῶν
965 392 1150 475 πρωτείων·

97 502 168 565 Cel
198 495 235 565 δὲ
264 492 479 583 Ἀλέξανδρος
511 489 629 562 οὑτοσὶ
664 495 787 583 τολμᾷ,
825 497 901 560 τίνα
937 495 1005 561 τῶν
1043 498 1151 581 ἔργων

59 608 61 610 ’
136 605 204 671 τῶν
237 602 360 670 ἑαυτοῦ
392 615 462 680 τοῖς
495 602 586 688 ἐμοῖς
617 595 707 681 άξιοῖ
740 605 967 688 παραβαλεῑν;
1001 607 1083 697 ίσμις
1113 597 1152 667 τά

136 707 296 797 Περσικά,
324 703 435 794 ῶσπερ
454 702 515 793 οὐχ
543 703 694 794 ἑορακῶς-
707 705 910 794 ἐγηγερμένα
928 731 985 792 μοι
1002 708 1176 773 τοσαῦται

136 811 219 884 κατά
238 817 420 901 Πομπηίου
447 811 604 900 τρόπαια;
631 815 740 879 καίτοι
767 817 818 891 τίς
836 811 1025 900 δεινότερος
1053 831 1150 898 στρα-

137 917 237 1006 τηγὸς
264 917 397 1005 γέγονε,
424 927 569 1008 Δαρεῖος
595 912 616 1004 ή
643 916 833 1004 Πομπήιοςς
866 918 995 1008 ποτέρῳ
1028 916 1067 986 δὲ
1095 914 1152 986 άν-

137 1024 329 1113 θρειότερον
354 1020 536 1113 ἠκολούθει
555 1023 795 1112 στρατόπεδονς
822 1020 863 1090 τὰ
881 1021 943 1110 μὲν
966 1014 1031 1092 οὖν
1058 1051 1152 1111 μαχι-

92 1130 269 1218 Βμῶτατα
300 1133 369 1199 τῶν
400 1135 535 1219 Δαρείῳ
567 1129 732 1218 πρότερον
763 1125 1007 1198 ὑπακουόντων
1040 1131 1154 1197 ἐθνῶν

137 1239 175 1304 ἐν
203 1239 246 1325 τῇ
273 1239 398 1324 Καρῶν
429 1242 530 1325 μοίρμ
557 1234 732 1323 Πομπήιος
764 1232 851 1322 εἶχεν
884 1235 1042 1322 ἑπόμενα,
1074 1234 1190 1317 τοὺςιο

138 1340 175 1409 δὲ
203 1344 240 1409 ἐκ
265 1344 324 1428 τῆς
340 1338 518 1430 Εάρῶπης,
546 1345 581 1408 οἳ
605 1339 667 1429 τήν
691 1337 805 1409 Ἀσίαν
822 1341 980 1423 πολλάκις
1008 1341 1157 1430 πόλεμον

137 1445 330 1533 ἐπάγουσαν
362 1449 558 1535 ἐτρέψαντο,
590 1448 646 1516 καί
677 1446 807 1515 τούτων
838 1443 951 1515 αι’πῶν
981 1445 1062 1528 τούς
1095 1444 1153 1517 άν-

53 1578 54 1581 ’
138 1551 361 1641 δρειοτάτους,
378 1549 534 1639 Ἰταλούς,
549 1549 743 1642 Ἰλλυριούς,
757 1553 916 1634 Κελτούς.
948 1550 1016 1622 ἀλλ’
1038 1552 1153 1642 ἐπειδὴ

137 1661 205 1727 τῶν
231 1661 368 1728 Κελτῶν
399 1655 636 1748 ὑπεμνήσθην,
668 1650 734 1748 ἆρα
764 1673 835 1740 τοίς
862 1664 1009 1740 Γετικοῖς
1042 1665 1153 1748 ἔργοις

135 1762 354 1852 Ἀλεξάνδρου
385 1763 447 1854 τήν
479 1768 537 1853 τής
568 1767 728 1853 Κελτικῆς
760 1762 994 1853 άντιτάττομεν
1030 1771 1190 1834 nadad-15

138 1890 246 1958 ρεσιν;
276 1863 375 1954 οὗτος
393 1869 480 1952 ἅπαξ
498 1870 689 1959 ἐπεραιῶθη
708 1868 769 1940 τὸν
787 1869 930 1960 Ἴστρον,
954 1867 1021 1957 ἐγῶ
1040 1872 1152 1941 δεύτε-

137 2004 199 2065 ρον
225 1976 286 2047 τὸν
309 1973 440 2066 Ῥήνου·
469 1974 678 2067 Γερμανικὸν
705 1968 750 2045 αὖ
766 1979 867 2046 τοῦτο
885 1975 923 2045 τὸ
943 1975 1025 2064 ἐμὸν
1043 1983 1154 2067 ἔργον.

136 2084 244 2175 τούτῳ
277 2083 315 2153 βλ
348 2081 488 2172 ἀντέστη
521 2081 584 2171 μὲν
612 2079 693 2153 οὐδὲ
720 2077 781 2169 εἷς,
808 2081 874 2170 ἐγῶ
901 2081 986 2172 πρὸς
1009 2080 1152 2172 ’Λριόβι-

84 2205 223 2258 321στον
255 2187 481 2279 ήγωνισάμην.
526 2192 657 2279 πρῶτος
688 2189 851 2277 ἐτόλμησα
879 2184 1052 2276 Ῥωμαίων
1084 2193 1151 2260 ἐπι-

136 2298 237 2382 βήναι
268 2298 327 2383 της
360 2295 453 2377 ἐκτὸς
483 2295 665 2383 θαλάσσης.
709 2296 766 2363 καὶ
797 2298 897 2365 τοῦτο
930 2286 973 2383 ήυ
1006 2305 1089 2377 ἴσως
1114 2294 1151 2364 τὸ
1164 2321 1190 2360 ιο

136 2406 237 2488 ε”ργον
266 2397 337 2490 (οὐ)
364 2402 577 2490 θαυμαστόν·
609 2407 718 2470 καίτοι
746 2398 809 2488 τήν
835 2401 961 2488 τόλμαν
988 2403 1045 2471 καὶ
1072 2402 1151 2471 ταύ-

136 2531 198 2592 την
226 2503 322 2587 άξιον
347 2507 540 2595 θαυμάσαι·
573 2504 657 2577 άλλά
683 2505 721 2575 τὸ
749 2507 863 2595 μεῖζόν
889 2534 971 2595 μου,
1002 2505 1041 2577 τὸ
1070 2505 1152 2578 άπο-

136 2613 239 2699 βήναι
264 2614 323 2700 τής
349 2610 436 2694 νεῶς
461 2617 606 2703 πρῶτον.
641 2615 695 2682 καλ
719 2610 799 2694 τοὺς
823 2609 1011 2700 Ἑλβετίους
1037 2617 1152 2683 σιωπῶ

135 2719 191 2785 καί
218 2716 256 2787 τὸ
284 2722 353 2787 τῶν
377 2716 517 2811 Ἰβήρων
545 2726 654 2800 ἔθνος.
701 2715 843 2800 οὐδενὸς
870 2724 918 2788 ἐτι
945 2723 1014 2788 τῶν
1044 2725 1152 2789 Γαλα-

204 2910 219 2957 2
238 2897 337 2978 οὐδεὶς
355 2903 556 2972 Heusingerus]
576 2900 678 2965 οὐθεὶς
708 2911 746 2984 ’3
764 2905 831 2958 τίνα
848 2905 924 3029 libri)
942 2906 973 2959 τί
1023 2910 1040 2958 4
1058 2901 1152 2971 άξιοῖς

106 2986 108 2990 ’
135 2974 232 3029 VBav.
266 2973 271 3040 Ι
303 2973 485 3042 παραβαλεῖν
503 2971 578 3040 libri]
598 2972 794 3040 παραβάλλειν
874 2968 1035 3038 ὅορακῶς
1053 2977 1153 3042 scripsi

135 3057 185 3106 pro
203 3033 336 3108 ἐωρακῶς
405 3038 500 3095 θεῶν
516 3039 632 3107 Mag]
658 3043 696 3110 τῷ
767 3044 799 3092 10
821 3036 901 3109 τοὺς]
920 3040 976 3105 τῶν
994 3049 1050 3109 pet.
1121 3045 1150 3093 11

136 3104 165 3158 οἳ
187 3106 232 3176 Μ]
257 3104 287 3160 οί
374 3113 404 3161 12
426 3101 580 3176 ἐτρέποντο
598 3109 669 3175 Aug.
759 3098 1051 3171 13’1wzov‘90m.v
1121 3113 1153 3160 14

119 3175 242 3227 ,κελτῶν
261 3174 301 3242 Μ]
318 3175 464 3230 Κελτικῶν
497 3175 502 3241 Ι
534 3169 723 3243 ἐπεμνήσθην
742 3182 797 3242 pet
882 3180 913 3231 16
929 3170 986 3243 ἐ’γῶ
1003 3173 1150 3257 VMAug.]

58 3266 60 3268 ·
135 3235 190 3308 ἐγῶ
209 3239 243 3296 θλ
313 3248 345 3297 17
363 3239 396 3298 τά
415 3237 495 3311 ἐμὸν]
512 3236 575 3296 τεέ
597 3237 631 3295 ἂν
649 3244 757 3306 VBav.,
777 3237 847 3309 ἐμάν
865 3244 908 3309 Μ,
927 3241 1012 3297 τοῦτο
1030 3238 1101 3309 ἐμὸν
1119 3262 1151 3296 το

135 3305 219 3376 ἔργον
242 3311 309 3367 Rsk,
397 3315 429 3364 18
452 3304 544 3365 τσάτω
568 3261 614 3377 λλ]
636 3306 728 3381 τούτῳ
751 3306 805 3378 γάρ
827 3313 894 3366 sssk.
928 3313 941 3379 λ’
964 3305 1019 3378 ἐγῶ
1037 3309 1150 3379 VBav.]

135 3368 189 3443 ἐγῶ
208 3373 242 3430 δὲ
275 3382 280 3440 Ι
313 3371 479 3446 άριόξβιτον
496 3364 533 3439 VJ
551 3370 721 3512 άριῶήιξτον
740 3381 782 3443 Μ,
801 3370 967 3446 άριόβιξτου
984 3381 1055 3446 Aug.
1119 3383 1150 3431 21

136 3436 170 3494 οὗ
189 3445 296 3497 addidit
313 3448 340 3497 H
427 3451 459 3498 22
483 3462 539 3512 μου
557 3449 613 3497 VM

134 3511 165 3560 94
180 3502 309 3579 Ἰβήρων]
328 3505 452 3580 &paim
469 3515 527 3565 VM
651 3463 699 3513 μοι
786 3450 818 3499 23
837 3441 1001 3514 ἐλβεστίους
1020 3449 1151 3514 VMAug.
