2416 3864
306 150 487 201 EPISTOLA
505 150 554 201 AD
574 150 818 204 THEMISTIUM,
1013 154 1076 218 333

60 273 262 361 θαυμαστὸν
290 272 528 357 ἀντιτάξασθαι
548 278 827 366 προσπολεμούση
850 279 958 366 μόνον
981 278 1076 371 αὐτῇ,

59 380 151 450 πολὺ
182 380 219 450 δέ
245 383 522 471 θαυμαστότερον
554 386 622 451 τῶν
653 379 875 474 ὑπαρξάντων
905 384 985 474 παρ’
1016 385 1076 455 αύ-

58 491 120 575 τῆς
161 484 303 574 ἀγαθῶν
338 484 440 570 ’ἀξιον
481 493 638 577 φανῆναι.
691 490 823 572 τούτοις
864 487 881 559 ὁ
923 493 1076 579 μέγιστος

32 701 117 772 ικαὶ
145 701 272 790 Ξέρξου
300 701 525 790 χαλεπώτερος
551 703 607 770 καὶ
634 704 760 790 μᾶλλον
789 700 919 786 ἀλαζῶν
946 711 1116 792 φανείς,Β

61 804 175 894 ἐπειδὴ
212 810 270 895 τῆς
301 811 439 877 ἐκείνων
475 804 578 897 ἀρχῆς
609 811 746 897 κατέστη
783 807 912 899 κύριος,
944 811 1075 892 τούτοις
1115 810 1116 813 “

61 909 198 994 ἁλόντες
225 927 295 994 τοῖς
321 916 452 1000 βέλεσιν
471 912 579 1002 ἀρδην
603 912 775 983 ἀπείλοντο
795 918 933 1005 Πέρσαι,
962 924 1074 985 Μακε-

61 1018 174 1104 δόνες,
213 1015 230 1086 δ
267 1023 336 1088 τῶν
369 1017 559 1107 Ἀθηναίων
596 1023 715 1107 δῆμος,
752 1023 996 1108 Συρακούσιοι,
1034 1022 1075 1090 τὰ

59 1131 339 1212 Λακεδαιμονίων
374 1128 465 1214 τέλη,
498 1122 669 1214 Ῥωμαίων.
705 1131 882 1216 στρατηγοὶ
923 1130 979 1196 καὶ
1021 1126 1072 1196 ἐπ’

20 1263 48 1302 10
63 1228 179 1312 αὐτοῖς
207 1228 448 1321 αὐτοκράτορες
476 1238 599 1321 μυρίοι
636 1231 723 1302 πολὺ
749 1236 854 1321 μῆκος
873 1229 916 1301 ἀν
943 1236 1074 1319 γένοιτο
1111 1234 1112 1241 ¹

8 1393 14 1399 .
60 1338 189 1418 πάντας
216 1335 499 1428 ἀναριθμουμένῳ
527 1336 608 1418 τοὺς
635 1335 691 1407 διά
721 1342 868 1408 πλούτου
895 1341 951 1409 καὶ
979 1347 1076 1422 νίκας

60 1445 118 1512 καὶ
154 1442 288 1533 τρυφὴν
324 1442 564 1532 ἀπολομένους·
602 1441 676 1513 ὅσοι
713 1445 751 1513 δέ
781 1441 864 1537 ύιιδ
890 1449 959 1515 τῶν
992 1452 1073 1516 δυσ-

61 1553 214 1639 πραγιῶν
246 1552 502 1630 έπικλυσθέντες
535 1553 652 1619 δοῦλοι
684 1551 746 1638 μέν
774 1548 846 1619 ἀντ’
877 1554 1115 1641 έλευθέρων,0

61 1657 213 1725 ταπεινοὶ
241 1656 279 1725 δὲ
306 1653 381 1724 ἀντὶ
408 1663 576 1743 γενναίων
604 1658 660 1725 καί
679 1657 812 1746 σφόδρα
841 1654 982 1738 εὐτελεῖς
1001 1655 1075 1753 ἀντὶ

19 1792 48 1844 Ἴιτ
61 1765 131 1830 τῶν
162 1762 314 1852 πρόσθεν
345 1766 477 1851 σεμνῶν
510 1759 634 1831 άπασιν
662 1760 845 1854 ὤφθησαν,
877 1770 913 1830 τί
941 1790 981 1851 με
1013 1763 1075 1854 χρὴ

61 1871 129 1936 νῦν
162 1866 271 1957 ῶσπερ
299 1871 335 1936 έκ
367 1870 486 1937 δέλτου
518 1869 772 1958 μεταγράφοντα
804 1871 1011 1955 καταλέγειν;
1046 1876 1077 1939 εί

62 1973 126 2063 γάρ
160 1971 288 2061 ῶφελεν
316 1970 334 2042 ὁ
367 1978 436 2043 τῶν
468 1972 662 2063 ἀνθρώπων
694 1967 768 2062 βίος
800 1971 938 2063 ἀπορεῖν
970 1991 1074 2063 ’παρα-

63 2080 249 2168 δειγμάτων
281 2082 452 2150 τοιούτων.
489 2077 570 2149 ἀλλ’
606 2078 682 2149 ούτε
715 2083 805 2149 ἐστὶν
838 2078 910 2149 οὔτ’
945 2077 988 2149 ἀν
1021 2083 1082 2167 γέ-.

61 2186 156 2255 νοιτό
183 2212 262 2254 ποτε
289 2190 357 2255 τῶν
384 2187 548 2256 τοιούτων
566 2183 682 2274 ἐνδεὴς
708 2187 994 2276 παραδειγμάτων,
1013 2189 1076 2268 ἕως

23 2289 104 2363 εοάν
137 2291 175 2361 τὸ
207 2295 275 2361 τῶν
307 2289 500 2382 ἀνθρώπων
532 2295 672 2382 διαμένῃ
704 2295 809 2379 γένος.
859 2289 910 2361 ὅτι
943 2293 980 2361 δὲ
1012 2289 1119 2364 ούκΒ

62 2396 137 2487 έγῶ.
161 2399 265 2486 μόνος
300 2397 362 2486 τὴν
398 2398 503 2488 τύχην
542 2401 593 2467 ἐπὶ
630 2406 786 2468 πλεῖστον
819 2402 855 2468 έν
887 2414 956 2481 τοῖς
993 2426 1075 2489 πρα-

62 2509 169 2586 κτέοις
196 2520 330 2594 κρατεῖν
357 2504 527 2592 νενόμικα,
555 2502 680 2593 λέγοιμ’
711 2501 753 2575 ἀν
780 2503 846 2594 ἤδη
864 2526 919 2574 ’σοι
946 2504 987 2574 τά
1014 2509 1076 2575 τού

62 2613 246 2692 Πλάτωνος
273 2613 310 2679 έκ
336 2615 404 2680 τῶν
422 2618 626 2699 θαυμασίων
644 2611 782 2699 Νόμων,
811 2612 915 2689 εἰδότιΙ
941 2611 1002 2699 μέν
1020 2614 1075 2680 καὶ
1163 2672 1165 2675 ,

48 2718 240 2797 διδάξαντί
264 2744 314 2805 με,
343 2715 514 2797 ἀπόδειξιν
543 2716 580 2785 δέ
610 2738 719 2806 ωσπερ
747 2720 807 2786 τοτ’
835 2716 880 2805 μὴ
908 2721 1076 2807 ῥᾳθυμεῖν

25 2853 50 2893 25
63 2824 263 2912 ποιούμενος
300 2814 543 2912 παραγέγραφά
580 2843 634 2891 σοι
669 2821 732 2911 τὴν
769 2826 869 2911 βησιν
906 2815 973 2890 ῶδέ
1006 2847 1077 2903 πως

63 2937 217 3018 ἔχουσαν.
254 2927 361 3015 ,Θεὸς
387 2928 449 3016 μέν
475 2929 584 2997 πάντα
611 2930 667 2997 καὶ
695 2927 775 3016 μετά
801 2932 887 2997 θεοῦ
914 2928 996 3016 τύχη
1019 2930 1076 2996 καὶ

62 3035 179 3126 καιρὸς
204 3033 245 3102 τά
273 3033 474 3125 ἀνθρώπινα
502 3027 747 3123 διακυβερνῶσι
771 3033 952 3121 ξύμπαντα.
997 3029 1074 3121 ἡμε-

147 3236 420 3306 2θαυμαστότερον
440 3237 522 3306 Cob.]
543 3230 782 3305 θαυμαστότερον
868 3242 882 3289 7
906 3234 1020 3306 βέλεσιν
1038 3236 1074 3306 V]

63 3305 158 3375 βέλεσι
244 3300 488 3389 δουρρακούσιοι
509 3309 541 3356 V.
574 3307 627 3358 vid.
652 3307 686 3358 ad
709 3305 776 3358 290
863 3309 895 3358 12
918 3301 1077 3372 άπολλομέ-

63 3393 131 3436 νους
153 3375 178 3422 V
265 3377 297 3426 17
320 3377 436 3440 ωφελεν
452 3373 488 3439 V]
512 3367 636 3440 ὤφειλεν
722 3377 754 3425 19
776 3366 1019 3441 παραδειγμάτων
1036 3371 1075 3444 Η]

63 3434 246 3508 πραγμάτων.
282 3443 320 3495 cf.
344 3443 427 3509 paulo
450 3447 549 3506 antea,
569 3443 654 3493 256A
673 3447 701 3492 et
718 3441 787 3493 84Α
855 3445 888 3495 23
907 3433 1075 3509 Πλάτωνος]

64 3511 149 3577 Legg.
167 3509 206 3560 IV
224 3511 306 3562 709ss
339 3510 344 3575 Ι
377 3504 498 3577 Νόμων]
517 3502 613 3575 μόνων
631 3511 656 3560 V
724 3513 757 3561 27
775 3504 965 3579 τάνθρώπινα
984 3511 1057 3561 Plat.
