2408 3856
126 164 170 227 90
432 158 843 215 IULIAMIMPERATORIS

126 291 210 382 πρὸς
236 289 315 370 τοὺς
340 295 522 378 ’πολεμίους
545 285 710 376 ἀνδρείως
734 286 789 353 καὶ
809 287 1070 379 Ιμεγαλοπρεπῶς
1093 288 1148 354 καὶ

126 402 184 486 τῆς
216 394 498 487 προϋπαρχούσης
530 392 629 475 ἀξίως
666 395 729 460 τού
766 393 886 476 γένους
919 391 1018 479 δόξης
1050 419 1149 460 κατα·
1187 423 1198 490 ξ

128 495 340 592 στησάμενος.
377 517 447 582 τοῖς
465 500 526 589 μέν
545 496 591 569 δι’
613 495 775 587 ὁμονοίας
792 495 852 566 τὸν
871 495 1002 566 ἅπαντα
1021 498 1147 588 χρόνον

128 612 350 698 συγγέγονας,
374 605 598 677 ἀστασίαστον
621 604 683 692 μέν
706 600 769 693 την
793 603 891 673 πόλιν
911 605 1149 692 διαφυλάττων
1183 633 1198 685 με

87 737 109 789 Β
129 719 185 786 καὶ
212 715 292 795 τοὺς
319 711 488 802 ἀδελφούς
511 712 740 801 συνάρχοντας
763 708 963 799 θεραπεύων
986 708 1053 797 άεί,
1081 726 1174 792 τοϊςε
1197 788 1198 793 ¹

129 827 240 911 φίλοις
273 821 311 890 δὲ
342 824 400 909 τῆς
430 830 503 907 ίσης
530 824 739 909 παρηγορίας
774 814 973 904 μεταδιδούς
1005 820 1059 886 καὶ
1092 821 1150 906 τῆς

129 934 316 1018 παρρησίας
343 925 423 1014 μετά
450 929 518 995 των
551 924 661 994 ἀλλων
693 921 835 1009 άγαθων
868 920 1048 1010 ἀφθόνως,
1081 951 1149 993 κοι-

129 1037 251 1112 νωνων
283 1033 345 1122 μὲν
378 1031 481 1102 ἅπασι
508 1035 576 1101 τῶν
608 1027 846 1120 ὑπαρχόντων,
880 1029 1081 1116 μεταδιδοὺς
1113 1031 1151 1099 δὲ

131 1133 180 1210 οἷν
207 1143 344 1221 ἕκαστος
372 1138 488 1226 ἐνδεὴς
517 1139 629 1219 δόξειε.
670 1137 726 1206 καὶ
760 1136 890 1204 τούτων
918 1136 1062 1225 μάρτυσι
1089 1136 1151 1226 μέν
1192 1192 1198 1199 „

130 1245 245 1327 αύτοίς
280 1250 419 1325 έκείνοις
455 1244 589 1325 εἰκότως
626 1241 669 1311 ἀν
705 1270 756 1324 τις
791 1241 973 1332 χρήσαιτο,
1016 1244 1072 1311 καὶ
1109 1242 1149 1311 τά
1165 1269 1188 1308 10

57 1378 64 1393 ²
129 1352 306 1442 πράγματα
340 1350 376 1419 δὲ
408 1365 479 1431 τοίς
517 1348 754 1437 ἀπολειφθεῖσι
790 1352 848 1440 τῆς
883 1347 967 1438 πρὸς
1003 1352 1153 1430 ἐκείνους
1189 1384 1194 1387 Ἴ

132 1462 317 1538 συνουσίας
351 1455 450 1526 ίκανά
484 1459 632 1544 δηλῶσαι
651 1456 726 1544 ’τὴν
758 1461 956 1546 προαίρεσιν
983 1459 1046 1524 τοῦ
1073 1462 1152 1543 βίου

136 1591 271 1645 παντος.

92 1699 112 1752 Ο
209 1683 344 1774 Ῥητέον
376 1685 413 1755 δέ
445 1682 528 1776 ὑπὲρ
558 1683 670 1754 αὐτῶν
701 1684 766 1773 ἤδη
794 1688 862 1775 χῶν
890 1685 1041 1775 πράξεων
1070 1682 1151 1754 ἀνα-

132 1794 350 1882 βαλλομένοις
377 1791 437 1861 τὸν
464 1788 549 1881 ὑπὲρ
576 1795 645 1860 τῶν
673 1794 773 1873 ἕξεων
796 1791 923 1893 λόγον..
946 1795 1076 1881 Πέρσαι
1094 1796 1153 1880 τῆς
1167 1816 1190 1858 ιε

128 1897 239 1981 Ἀσίας
271 1895 400 1987 ἀπάσης
434 1898 535 1968 πάλαι
562 1898 785 1988 κρατήσαντες
817 1900 874 1966 καὶ
901 1900 958 1986 τῆς
986 1896 1154 1987 Εὐρώπης

130 2006 171 2076 τά
198 2005 304 2077 πολλά
331 2006 646 2096 καταστρεψάμενοι,
675 2007 796 2096 μικροῦ
820 2000 884 2074 δέω
910 2005 1015 2092 φάναι
1040 2007 1154 2074 πᾶσαν

130 2113 192 2201 την
229 2117 432 2201 οἰκουμένην
469 2113 725 2202 περιβαλόμενοι
762 2110 872 2201 κύκλφ
904 2126 977 2191 ταῖς
1010 2112 1152 2199 ἐλπίσιν,

132 2218 244 2305 ἐπειδὴ
281 2219 343 2304 τὴν
380 2215 486 2307 ἀρχὴν
523 2214 589 2285 ὑπὸ
622 2217 834 2286 Μακεδόνων
866 2213 1056 2306 ἀφῄρηντο,
1094 2221 1154 2305 της

128 2321 348 2411 Ἀλεξάνδρου
382 2329 581 2412 στρατηγίας
612 2328 712 2413 ἔργον
739 2323 930 2411 γενόμενοι,
958 2325 1086 2411 μᾶλλον
1115 2325 1191 2392 δὲεο

131 2434 300 2515 παίγνιον,
328 2431 476 2515 χαλεπῶς
500 2430 657 2517 φέροντες
687 2428 798 2519 [πρὸς]
827 2428 864 2498 τδ
891 2430 1078 2517 δουλεύειν,
1107 2427 1155 2511 τός

133 2537 262 2603 ἐκεῖνον
294 2531 442 2622 ᾔσθοντο
470 2535 737 2623 τετελευτηκότα,
769 2538 839 2606 των
875 2536 1043 2625 διαδόχων
1071 2534 1154 2606 ἀπο-

92 2654 117 2707 Ι)
137 2640 271 2720 στάντες
289 2640 464 2710 Μακεδόσι
481 2669 516 2710 τε
535 2647 582 2723 εἰς
600 2640 662 2731 τὴν
681 2640 866 2712 ἀντίπαλον
885 2643 1032 2730 δύναμιν
1051 2634 1154 2724 αὖθις

131 2749 336 2834 κατέστησαν
364 2749 420 2816 καὶ
447 2744 527 2836 ἡμῖν
554 2746 587 2817 τί
624 2749 823 2837 λειπόμενον
855 2750 913 2836 της
940 2749 1153 2818 Μακεδόνων

133 2849 235 2942 ἀρχῆς
262 2857 564 2943 κατακτησαμένοις
592 2852 766 2943 ἀξιόμαχοι
800 2853 857 2923 διά
888 2858 1004 2936 τέλους
1032 2857 1153 2937 έδοξαν
1168 2877 1193 2920 ετ

133 2958 220 3028 εἶναι
250 2958 410 3047 πολέμιοι.
456 2962 511 3028 καὶ
543 2964 611 3030 των
643 2965 704 3050 μέν
736 2963 887 3030 παλαιάν
919 2967 954 3029 τί
987 2959 1050 3050 χρὴ
1087 2965 1153 3030 νῦν

132 3062 411 3155 ὑπομιμνήσκειν,
441 3063 622 3137 Ἀντωνίον
654 3069 710 3137 καί
738 3067 917 3158 Κράσσου,
956 3072 1152 3157 στρατηγῶν

202 3269 217 3317 ἰ’
237 3273 264 3318 et
282 3270 298 3318 8
317 3263 476 3334 κοινωνῶν]
496 3265 618 3323 aomar?
648 3269 709 3321 vid.
729 3275 822 3322 tamen
841 3269 941 3322 Cobeti
959 3271 1041 3331 v.·L.
1061 3287 1088 3336 p.
1102 3273 1152 3322 313

136 3337 163 3383 ελ
180 3334 255 3384 infra
273 3335 338 3386 45ss
362 3337 446 3388 2901)
471 3336 552 3387 305ss
622 3340 637 3387 9
662 3331 759 3401 δόξειε
778 3336 901 3404 Schaef.]
922 3331 1003 3401 δόξει
1074 3341 1105 3388 17
1126 3344 1154 3389 et

135 3401 167 3450 18
190 3400 287 3453 πάσαν
309 3396 362 3468 τὴν
388 3399 562 3470 οἰκουμένην
586 3404 611 3454 V
652 3397 705 3472 την
733 3397 907 3472 οἰκουμένην
934 3396 1050 3456 ἅπασαν
1121 3409 1153 3458 18
1184 3420 1185 3423 ’

133 3463 356 3535 περιβαλόμενοι
387 3469 510 3537 8ο1ιτεί.]
541 3487 605 3538 περι
627 3464 780 3535 αλλόμενοι
809 3475 848 3537 V,
882 3467 1105 3539 περιλαβόμενοι
1135 3490 1153 3525 v

134 3537 166 3585 21
188 3529 259 3603 πρὸς
283 3537 375 3588 delere
397 3539 465 3589 Rsk.
489 3539 551 3590 vult
574 3545 623 3592 aut
645 3534 759 3608 ἔχοντες
785 3556 835 3606 pro
862 3535 1000 3607 φέροντες
1030 3541 1152 3592 seribere
