2436 3870
143 151 208 217 420
447 155 859 207 ιυιιευιιιιευιιανοαιε

145 279 187 351 οὐ
215 281 323 369 μόνον
349 284 407 369 τῆς
425 280 507 368 μετὰ
533 284 638 349 ταῦτα
657 277 806 361 εὐκλείας
832 279 895 369 τὴν
923 280 1067 371 αίσχρδιν
1086 309 1163 370 τρυ-

146 386 217 476 φὴν
257 391 496 477 προτιμῶντες,
538 384 621 456 ἄλλα
658 388 713 460 καὶ
750 390 808 474 τῆς
849 394 1015 477 σωτηρίας
1052 385 1164 477 αὐτῆς.

146 493 211 579 ἐγώ
248 493 310 580 μὲν
350 485 414 562 οὖν
454 495 559 561 ταῦτα
600 493 843 579 διανοούμενος
880 490 943 562 οὐκ
984 490 1066 575 ἆξιώ
1106 499 1164 582 τῆς

146 607 299 688 χείρονος
326 595 472 686 ἐμαυτὸν
499 603 647 688 μερίδος·
676 595 743 685 ὅ,τι
772 595 803 666 δ’
834 595 877 667 ἂν
900 595 993 686 ὑμῖν,
1022 591 1049 667 ώ
1075 607 1162 687 θεοί,

147 712 324 793 φαίνηται,
352 709 451 774 τοῦτο
481 705 569 785 είκός
596 707 688 773 ἐστιν
715 703 771 792 ἐμὲ
799 704 974 793 δήπουθεν
1003 708 1186 795 στέργεται

227 817 372 880 Λίδοται
408 809 489 900 μετὰ
525 813 647 880 τοῦτον
678 813 724 902 τῷ
761 815 917 902 Τραϊανῷ
954 814 1016 880 τοῦ
1056 814 1161 898 λέγειν
1211 872 1215 883 τ

144 921 290 999 ἐξουσία.
329 914 346 987 ὁ
376 920 424 1005 δέ,
452 924 569 1007 καίπερ
598 917 787 1004 δυνάμενος
810 919 930 1003 λέγειν,
957 913 1024 986 ὑπὸ
1056 921 1160 1008 ρᾳθυ-

111 1031 242 1113 Βμίας·
280 1026 465 1114 ἐπιτρέπειν
501 1021 565 1114 γὰρ
602 1023 716 1092 είώθει
748 1020 788 1091 τὰ
823 1022 930 1092 πολλὰ
965 1026 1011 1114 τῷ
1046 1024 1162 1114 Σοώρα

149 1131 293 1219 γριίφειν
320 1126 405 1218 ὑπὲρ
433 1126 552 1199 αὑτοῦ·
581 1128 814 1220 φθεγγόμενος
841 1132 968 1216 μᾶλλον
996 1125 1017 1217 ἢ
1046 1131 1164 1216 λέγων,

149 1241 364 1305 ἐπεδείκνυεν
395 1233 510 1316 αὐτοῖς
537 1235 575 1303 τό
603 1262 638 1303 τε
666 1235 804 1303 Γετικδν
836 1237 892 1304 καὶ
918 1233 956 1304 τὸ
984 1234 1165 1325 Παρθικὸν
1178 1263 1200 1302 ιι

150 1340 320 1431 τρόπαιον.
370 1337 485 1429 ᾐτιᾶτο
518 1340 556 1409 δέ
591 1339 629 1409 τὸ
663 1343 768 1429 γῆρας
804 1336 849 1422 ώς
887 1337 949 1410 οὐκ
986 1343 1166 1430 ἐπιτρέφαν

149 1445 240 1537 αὐτῷ
272 1461 342 1527 τοῖς
369 1455 558 1534 Παρθικοῖς
589 1446 782 1536 πράγμασιν
814 1449 1012 1528 ἐπεξελθεῖν.
1057 1448 1114 1515 καὶ
1148 1443 1166 1515 δ

150 1553 326 1641 Σειληνός,
352 1549 451 1639 Ἀλλ’,
480 1544 506 1620 ώ
534 1553 661 1641 μάταιε,
689 1559 765 1641 ἔφη,
793 1563 897 1621 είκοσι
925 1559 1165 1640 βεβασίλευκας

150 1668 220 1748 ἐτη,
250 1656 464 1749 Ἀλέξανδρος
496 1658 534 1727 δέ
567 1655 682 1728 οὑτοσί
720 1658 859 1727 δώδεκα.
904 1665 939 1726 τί
968 1649 1032 1727 οὖν
1057 1654 1177 1746 αφεὶς

151 1769 324 1835 αίτιᾶσθαι
350 1765 414 1854 τὴν
441 1769 569 1835 σαυτοῦ
586 1763 720 1854 τρυφὴν
738 1763 800 1853 τὴν
818 1768 880 1833 τοῦ
898 1764 1025 1854 χρόνου
1054 1767 1165 1853 μέμφῃ
1179 1787 1199 1842 ιτ

111 1873 350 1960 Οστενότητα;
391 1873 616 1961 παροξυνθείς
654 1862 719 1940 οὖν
753 1867 819 1940 ὑπὸ
857 1873 919 1939 τοῦ
954 1871 1166 1958 σκώμματος,

125 1977 232 2049 ὀὐδὲ
260 1976 324 2067 γὰρ
352 1969 395 2066 ἦν
423 1980 484 2058 ἐξω
512 1981 574 2046 τοῦ
601 1977 773 2046 δύνασθαι
800 1976 1006 2066 ῥητορεύειν,
1034 1972 1101 2046 ὑπὸ
1131 1976 1165 2044 δέ

151 2088 209 2174 τῆς
232 2091 432 2172 φιλοποσίας
457 2081 662 2173 ἀμβλύτερος
686 2085 809 2151 ἑαυτοῦ
832 2075 1069 2170 πολλάκιςῆν,
1085 2079 1164 2169 Ἐγώ

153 2194 205 2278 δέ,
234 2188 341 2276 εἶπεν,
375 2182 400 2258 ώ
429 2193 496 2258 Ζεῦ
524 2191 580 2258 καὶ
611 2196 703 2274 θεοί,
734 2187 798 2276 τὴν
824 2185 932 2278 ἀρχὴν
962 2187 1166 2277 παραλαβών

150 2298 331 2385 ναρκώσαν
359 2293 469 2386 ὥσπερ
496 2297 552 2364 καὶ
571 2297 813 2383 διαλελυμένην
840 2290 907 2363 ὑπό
934 2322 969 2363 τε
996 2298 1055 2382 τῆς
1083 2305 1199 2363 οίκοιιο

151 2401 262 2470 πολὺν
288 2401 413 2490 χρόνον
442 2401 705 2490 ἐπικρατυσώσης
723 2407 925 2490 τυραννίδος
951 2402 1009 2469 καὶ
1026 2404 1085 2488 τῆς
1102 2403 1167 2468 τών

110 2509 266 2580 ΒΓετών
304 2504 454 2596 ὕβρεώς,
491 2508 595 2594 μόνος
630 2504 714 2597 ὑπὲρ
751 2504 811 2575 τὸν
840 2504 973 2595 Ἴστρον
1006 2507 1168 2594 ἐτόλμησα

71 2602 74 2604 v
154 2622 358 2708 προσλαβεῖν
391 2619 491 2701 ἔθνη,
523 2615 579 2682 καὶ
612 2612 649 2682 τὸ
684 2619 716 2680 Γ
712 2616 796 2681 ετών
828 2619 931 2693 ἐθνος
963 2614 1105 2698 ἐξεῖλον,
1138 2617 1171 2680 οἳ

154 2724 222 2789 τών
239 2721 373 2812 πώποτε
391 2719 617 2811 μαχιμώτατοι
636 2719 827 2806 γεγόνασιν,
847 2716 909 2806 οὐχ
927 2714 994 2788 ὑπὸ
1014 2715 1169 2808 ἀνδρείας

154 2828 261 2916 μόνον
288 2830 349 2896 τοῦ
378 2826 541 2914 σώματος,
569 2823 652 2892 ἄλλα
680 2826 736 2893 καὶ
765 2816 813 2892 ών
841 2830 971 2893 ἔπεισεν
999 2821 1124 2905 αὐτοὺς
1149 2818 1199 2891 δεῖ

155 2932 340 3023 τιμώμενος
372 2930 452 3020 παρ’
483 2929 598 3010 αὐτοῖς
630 2930 802 3018 Ζάμολξις.
848 2928 891 2998 οὐ
922 2928 987 3019 γὰρ
1020 2927 1167 3016 ἀποθνή-

241 3184 380 3236 6τοίυυν
402 3146 466 3262 φοεῖ
489 3180 606 3232 δίδοται
635 3181 699 3232 add.
721 3182 791 3258 Aug
813 3185 869 3245 pet.
904 3180 909 3244 Ι
940 3176 1060 3240 τουτον]
1088 3177 1169 3231 τοῦτο

157 3257 232 3304 cant.
251 3257 309 3318 pet.
397 3255 441 3302 9.
446 3244 564 3303 ’.τουῩ
650 3239 817 3310 11τρόπ...
828 3250 882 3299 V
952 3250 984 3297 12
1008 3264 1068 3310 παρ
1070 3249 1151 3300 θι...

157 3323 182 3372 V
214 3319 219 3385 Ι
256 3312 390 3382 ἐξελθεῖν
418 3317 487 3382 Aug.
575 3319 607 3367 15
638 3266 794 3366 αἰτιᾶσθαι
818 3313 900 3394 libri]
932 3311 1063 3366 αίτιᾶσαι
1143 3284 1170 3364 ί8

157 3385 337 3445 πολυποσίας
359 3386 388 3434 Μ
472 3387 506 3436 20
527 3379 586 3436 δπό
610 3398 641 3434 τε
663 3376 785 3447 libri]
769 3376 827 3434 υπὸ
850 3377 884 3433 δὲ
971 3385 1004 3432 22
1026 3373 1171 3448 &nidd

153 3446 231 3587 ἕπερ
216 3453 423 3518 psylburgius
449 3458 477 3502 et
503 3452 569 3503 Rsk
656 3453 689 3500 23
715 3449 890 3516 προσλαβεῖν
916 3447 1062 3516 VMAug.]
1088 3463 1171 3515 προσ-

175 3514 275 3572 α’λλειν
