2446 3870
152 153 194 217 98
449 155 596 207 mmm
618 157 868 207 ιιιευοευοιιιο

149 278 322 372 Ἰλλυριοῖς
358 280 535 369 ξύλλογον,
576 287 634 350 ἵνα
670 279 713 370 δή
748 280 937 370 πρεσβύτης
976 279 1062 372 ἀνήρ
1100 279 1167 354 ὑπο

151 394 333 477 μειρακίων
360 386 498 457 παιδικά
526 402 667 476 φρονεῖν
685 384 952 476 ἀναπειθόμενος
979 385 1168 478 ὁμολογιῶν

152 494 397 564 ἐπελανθάνετο
429 495 485 563 καὶ
516 500 677 580 πίστεων,
709 496 765 563 καί
793 497 839 586 τῶ
866 493 928 582 μὲν
960 499 1084 586 σωτῆρι
1112 498 1168 566 καί

151 597 307 692 εὐεργέτῃ
335 598 503 688 δυσμενής
530 591 584 689 ήν,
612 598 761 681 σπονδάς
788 600 826 669 δέ
845 602 987 670 ἐποιεῖτο
1014 600 1098 690 πρὸς
1126 599 1169 671 δν

151 699 194 795 ἦν
222 704 392 788 ἄσπονδος
409 709 466 775 καί
494 703 679 797 ἀκήρυκτος
696 713 829 795 βασιλεῖ
843 706 996 795 πόλεμος,
1024 708 1195 794 στρατόντ

151 840 186 883 τε
212 811 325 902 ήγειρε
351 814 407 882 καὶ
436 814 488 882 ἐπὶ
506 829 577 894 τοῖς
604 809 710 903 ὁρίοις
728 808 858 900 ἀπήντα
880 817 939 901 τής
965 841 1085 905 χωρας,
1102 842 1168 883 κω-

107 935 133 989 D
152 923 252 989 λῦσαι
278 922 340 989 τοῦ
367 919 483 1008 πρόσω
502 933 623 1008 χωρεῖν
650 921 834 1006 ἐπιθυμῶν.
871 921 941 988 ἐπεὶ
969 920 1006 989 δὲ
1034 921 1068 1001 ἐς
1089 918 1168 989 ταά-

151 1024 212 1096 τὸν
238 1016 350 1114 ήλθον
378 1023 556 1114 ἀμφοτέρω
582 1023 629 1093 τῶ
658 1025 880 1114 στρατεύματε
906 1027 962 1094 καὶ
990 1027 1092 1114 ἐχρῆν
1115 1027 1170 1094 ἐπὶ

151 1136 220 1202 τῶν
248 1128 394 1201 ὁπλιτῶν
410 1142 583 1201 ποιεῖσθαι
609 1128 672 1217 τήν
694 1133 883 1218 ἐκκλησίαν,
910 1130 1001 1220 βήμά
1027 1159 1064 1200 τε
1081 1127 1168 1220 ὑφη-

152 1237 214 1308 λὸν
227 1236 326 1327 ήρετο
339 1238 394 1306 καί
409 1233 492 1305 αότὸ
506 1237 679 1325 περιέσχεν
694 1232 839 1306 ὁπλιτῶν
854 1241 960 1325 δήμος
969 1239 1026 1307 καὶ
1036 1234 1168 1307 ἀκοντι-
1185 1266 1212 1306 ιο

152 1347 242 1413 στῶν
253 1344 310 1411 καὶ
326 1344 471 1424 τοξοτῶν
486 1347 595 1423 ἱππεῖς
608 1368 643 1410 τε
658 1343 940 1431 ἐνσκευασάμενοι
957 1341 1037 1425 τοὺς
1046 1347 1171 1425 ἵππους

151 1450 207 1518 καὶ
225 1446 266 1518 τά
285 1462 403 1536 σημεῖα
421 1451 490 1517 τῶν
507 1447 645 1530 τάξεων·
673 1446 769 1539 ἀνήει
787 1475 822 1518 τε
840 1446 890 1517 ἐπ’
912 1446 994 1519 αὐτὸ
1013 1447 1172 1538 βασιλεὺς

152 1554 233 1644 μετὰ
260 1558 322 1625 τοῦ
348 1556 430 1636 τέως
453 1555 677 1644 ξννάρχοντος
699 1553 776 1624 οὔτε
804 1553 927 1644 αίχμήν
955 1557 1069 1647 φέρων
1092 1554 1172 1625 οὔτε

101 1682 135 1732 77
156 1659 282 1732 ἀσπίδα
315 1663 370 1731 καὶ
398 1661 536 1752 κράνος,
568 1657 651 1730 ἀλλά
679 1663 805 1750 ἐσθήτα
831 1661 893 1750 τήν
922 1662 1067 1750 συνήθη.
1113 1664 1171 1732 καὶ

153 1766 234 1840 οὐδὲ
261 1764 351 1860 αὐτῷ
378 1795 428 1849 τις
454 1771 523 1837 τῶν
550 1768 755 1858 δορυφόρων
774 1771 893 1855 εἵπετο,
921 1768 1024 1857 μόνος
1052 1767 1089 1838 δὲ
1114 1770 1210 1837 ἐπίοι

151 1879 213 1945 τοῦ
250 1874 396 1964 βήματος
433 1874 576 1962 εἱστήκει
616 1871 786 1955 πεποιθῶς
825 1877 872 1966 τῷ
909 1875 998 1966 λόγῳ
1040 1877 1172 1962 σεμνῶς

151 1977 360 2074 ήρμοσμένφ.
407 1981 547 2072 ἐργάτης
579 1980 643 2070 γάρ
676 1983 745 2049 ἐστι
778 1981 834 2050 καὶ
865 1981 996 2050 τούτων
1028 1977 1171 2067 ἀγαθός,

153 2087 216 2158 οάκ
244 2086 479 2177 άποσμιλεόων
512 2084 593 2157 οὐδὲ
621 2083 831 2175 άποννχίζων
862 2084 903 2154 τά
931 2086 1060 2176 ῥήματα
1088 2083 1172 2157 οὐδὲ

153 2191 391 2284 ἀποτορνεόων
421 2191 480 2274 τὸις
507 2192 685 2282 περιόδους
715 2192 869 2281 καθάπερ
898 2197 933 2262 οί
957 2195 1081 2281 κομψοὶ
1110 2193 1169 2282 ῥή-

151 2326 256 2388 τορες,
284 2296 406 2386 σεμνὸς
433 2298 470 2367 δὲ
498 2296 565 2387 ἀμα
583 2299 638 2367 καλ
665 2297 817 2388 καθαρὸς
844 2300 900 2368 καὶ
927 2314 998 2380 τοῖς
1025 2295 1169 2386 ὀνόμασι
1184 2325 1217 2364 ιο

153 2403 215 2486 ξδν
247 2407 352 2495 καιρῷ
385 2402 567 2493 χρῶμενος,
601 2400 684 2474 ῶστε
721 2405 903 2475 ἐνδύεσθαι
939 2419 1011 2485 ταῖς
1047 2419 1172 2495 ψυχαῖς

16 2531 19 2537 ’
112 2507 197 2579 Βοά
215 2513 284 2579 τῶν
301 2515 453 2591 παιδείας
475 2512 531 2580 καὶ
550 2512 713 2593 ξυνέσεως
739 2513 1032 2600 μεταποιουμένων
1050 2511 1170 2600 μόνον,
1217 2572 1218 2575 ,

153 2613 226 2685 ἀλλ’
264 2614 330 2704 ήδη
367 2617 423 2684 καὶ
459 2620 528 2686 τῶν
565 2620 709 2688 ἰδιωτῶν
746 2618 896 2699 ξυνιέναι
931 2617 1077 2699 πολλοὺς
1114 2618 1170 2688 καλ

154 2724 282 2791 ἐπαΐειν
312 2726 381 2791 τῶν
409 2722 575 2812 ῥημάτων.
622 2720 750 2794 οὐκοῦν
777 2720 849 2814 ήρει
881 2723 1048 2813 μυριάδας
1075 2720 1168 2794 ὁπλι-

152 2832 221 2899 τῶν
253 2827 379 2918 συχνὰς
411 2831 468 2898 καὶ
499 2829 650 2919 χιλιάδας
683 2831 811 2900 ίππέων
848 2840 954 2901 εἴκοσι
989 2832 1046 2899 καλ
1084 2836 1168 2918 ἔθνη
1182 2848 1220 2894 υ

154 2934 224 3024 [τά]
253 2935 466 3025 μαχιμώτατα
484 2939 541 3005 καί
559 2936 673 3028 χῶραν
690 2937 883 3027 πάμφορον,
912 2934 954 3008 οὐ
976 2943 1035 3028 βίη
1063 2939 1169 3006 έλκων
1216 2932 1222 2952 '

154 3040 235 3112 οὐδὲ
267 3042 495 3132 αίχμαλῶτους
522 3041 630 3130 άγων,
664 3042 800 3124 ἑκόντας
829 3043 874 3113 δὲ,
893 3040 985 3135 αὐτῷ
1012 3043 1169 3131 πειθομέ-

216 3265 237 3314 ’6
260 3277 291 3314 τε
309 3259 344 3328 V]
367 3256 401 3313 δέ
429 3259 433 3326 Ι
461 3259 513 3327 τῆς
534 3257 606 3328 VM]
631 3264 693 3321 τοῖς
718 3258 723 3327 Ι
750 3255 875 3313 κολάσαι
892 3261 918 3311 V
985 3263 1002 3312 8
1025 3247 1120 3326 ἦλθεν
1137 3261 1170 3324 V,

152 3328 272 3381 fortasse
290 3334 367 3380 reete
437 3327 530 3396 1212]
551 3323 585 3381 δὲ
604 3331 644 3392 V;
664 3330 729 3380 fort.
748 3321 784 3394 δή
806 3327 811 3395 Ι
830 3322 921 3381 ιιιίτδν
938 3331 963 3382 V
1016 3331 1049 3380 13
1069 3321 1170 3395 ξυνάρ-

152 3411 254 3475 χογτος
280 3393 350 3464 VM]
380 3389 573 3477 συνάρχοντος
651 3399 683 3448 15
709 3391 805 3448 αὐτῶν
833 3404 906 3447 cant.
988 3398 1021 3447 18
1047 3387 1170 3462 ἀποσμι-

152 3464 230 3514 λυων
252 3466 276 3515 V
357 3467 390 3514 21
417 3458 577 3517 έσδυεσθαι
599 3464 624 3516 V
703 3468 736 3517 23
763 3464 819 3516 τῶν
847 3461 972 3517 ἰδιωτῶν
996 3463 1057 3515 VM
1085 3460 1171 3528 cant]

138 3524 274 3580 ἰδιωτῶν
344 3532 379 3582 26
397 3525 435 3583 τά
453 3548 504 3584 om.
521 3532 546 3582 V
589 3592 590 3595 Ἴ
