2416 3864
138 132 203 196 354
258 140 268 152 ’
442 130 585 181 τευτευ]
605 127 856 180 Ιαεεκκνοειε

88 337 91 343 ,
140 257 357 346 ἀποκείρουσι
389 254 448 326 τὸν
479 255 641 343 πώγωνα,
672 259 815 344 χλανίδα
842 253 880 322 δέ
908 250 1153 342 ἆμιμιεννύόυσι

140 365 196 435 καὶ
225 368 496 452 σχηματίζουσιν,
529 357 574 443 ὦς
600 361 674 431 τότε
701 356 953 449 ὑπελάμβανον,
985 359 1079 429 πάνυ
1107 388 1153 448 χε-

97 482 123 536 Ι)
142 480 237 540 λολον
265 469 479 558 στρατιώτην.
526 464 627 537 οῦδὲν
656 467 719 555 γάρ
747 469 893 555 μοι-τοῦ
919 469 1154 556 καλλωπισμοῦ

140 579 209 645 των
240 575 468 663 καθαρμάτων
500 571 658 665 ἥρμοζεν·
692 573 846 660 ἐβάδιζον
879 571 916 641 δέ
938 569 1013 664 οῦχ
1048 570 1155 662 ὥσπερ

141 686 263 752 έκεῖνοι
295 682 549 770 περιβλέποντες
580 681 636 748 κοιλ
670 681 866 766 σοβοῦντος,
903 675 977 746 ἀλλ’
1014 684 1063 760 είς
1095 683 1176 768 γῆνι

130 790 294 876 βλέπων,
337 783 446 875 ὥσπερ
487 791 646 874 είθίσμην
686 780 752 854 ῦπό
794 787 855 852 τοῦ
891 784 1087 872 θρέψαντός
1121 811 1156 873 με

143 896 371 980 παιδαγωγοῦ.
406 891 480 962 τότε
508 891 569 980 μέν
597 882 661 960 οῦν
689 888 803 972 αὐτοῖς
825 892 994 979 παρέσχον
1021 893 1155 977 γέλωτα,

143 994 263 1090 μικρὸν
292 998 328 1068 δὲ
346 995 488 1087 ὕστερον
507 994 667 1083 ὑποψίαν,
696 994 765 1065 εἶτα
792 991 982 1085 ἀνέλαμψεν
1002 991 1020 1064 ό
1040 1000 1154 1065 τοσοῦ-

143 1134 200 1188 τος
241 1090 382 1193 φθόνος.
441 1100 513 1173 ἀλλ’
557 1106 708 1172 ἐνταῦθα
748 1102 810 1190 χρὴ
851 1099 895 1189 μὴ
941 1109 1156 1191 παραλείπειν

145 1216 270 1298 ἐκεῖνα,
297 1213 368 1290 πῶς
394 1205 459 1295 ἐμοῦ
487 1209 719 1298 συνεχώρησα,
746 1211 817 1289 ποῦς
844 1207 881 1276 δέ
913 1205 1054 1294 είλόμην
1082 1203 1187 1296 ὁμο-ιο

145 1317 265 1404 ρόφιος
292 1317 431 1395 ἐκείνοις
458 1317 633 1401 γενέσθαι,
667 1310 727 1396 οῦς
754 1310 943 1402 ἠπιστάμην
969 1316 1073 1382 παντὶ
1100 1316 1156 1402 μέν

92 1437 216 1510 τλᾶμον
244 1421 499 1508 λυμηναμένους
518 1420 571 1513 ’τῷ
599 1422 699 1507 μένει,
726 1416 926 1490 ὑπώπτευον
954 1419 992 1488 δέ
1021 1417 1088 1490 οῦκ
1114 1425 1156 1500 είς

146 1523 276 1616 μακρὰν
309 1526 609 1613 ἐπιβουλεύσοντος
640 1527 696 1596 κοιλ
728 1529 811 1614 ἐμοί.
861 1523 969 1615 πηχδις
1001 1525 1065 1613 μέν
1098 1517 1156 1596 οῦν

147 1629 272 1714 ὁπόσας
299 1629 413 1720 ἀφῆκα
432 1633 591 1722 δακρύων
609 1632 665 1701 καὶ
682 1631 836 1723 θρήνους
863 1635 966 1716 οἵους,
996 1627 1156 1709 ἆνατείων

146 1746 194 1822 είς
225 1740 287 1827 τὴν
318 1732 500 1828 ἀκρόπολιν
531 1737 594 1827 τὴν
625 1735 704 1828 παρ’
739 1734 834 1827 ὑμῖν,
852 1735 910 1819 τὰς
946 1751 1075 1827 χεῖρας,
1107 1735 1157 1807 ὅτε
1168 1760 1189 1802 ιι

147 1845 350 1934 ἐκαλοόμην,
386 1846 442 1914 καλ
478 1842 540 1933 τὴν
569 1841 717 1933 Ἀθηνᾶν
754 1843 911 1913 ίκετεῦων
947 1843 1067 1927 σώζειν
1102 1842 1157 1912 τὸν

149 1953 259 2040 ίκέτην
295 1952 350 2020 καὶ
387 1950 432 2040 μὴ
469 1949 661 2038 ἐκδιδόναι,
697 1951 814 2021 πολλοὶ
851 1953 919 2017 τῶν
959 1947 1039 2039 παρ’
1080 1946 1156 2039 ῦμλν

148 2057 321 2148 ἑορακότες
352 2063 422 2126 είσί
450 2085 506 2145 μοι
538 2058 715 2147 μαρτυρες,
748 2053 832 2144 αῦτη
866 2055 904 2125 δὲ
936 2051 956 2143 ἡ
988 2053 1072 2139 θεός
1097 2053 1157 2146 πρὸ

147 2168 216 2233 τῶν
244 2162 369 2249 ἄλλων,
403 2160 453 2232 ότι
480 2165 535 2233 καλ
566 2163 719 2232 θάνατον
746 2159 922 2252 χ’χτησόμην
948 2158 1028 2252 παρ’
1061 2160 1160 2250 αῦτης

108 2266 309 2357 ΒἈθηνησι
335 2266 400 2357 πρὸ
428 2271 486 2356 τῆς
512 2269 587 2338 τότε
614 2265 706 2338 ὁδοῦ.
743 2263 788 2349 ὦς
806 2267 869 2356 μὲν
896 2259 960 2337 οὖν
989 2265 1031 2336 οῦ
1059 2267 1159 2358 προό-
1172 2292 1192 2332 ιι

151 2381 259 2443 δωκεν
286 2369 307 2461 ἡ
334 2371 415 2455 θεὸς
442 2373 502 2442 τὸν
530 2376 641 2465 ίκέτην
664 2371 745 2444 οῦδὲ
763 2375 934 2461 ἐξέδωκεν,
961 2379 1074 2465 ἔργοις
1092 2375 1161 2443 έπέ-

150 2481 271 2561 δείξεν·
299 2474 445 2566 ἡγήσατο
473 2478 536 2569 νδρ
564 2476 758 2569 ἁπανταχοῦ
786 2508 842 2569 μοι
874 2481 930 2549 κοιλ
957 2482 1163 2569 παρέστησεν

150 2581 385 2674 ἁπανταχόθεν
416 2583 497 2668 τοῦς
524 2587 691 2674 φύλακας,
723 2588 757 2668 έξ
780 2582 896 2656 Ἡλίου
928 2587 984 2655 καὶ
1013 2587 1163 2675 Σελήνης

150 2689 312 2787 ῦχχέλονς
338 2694 498 2779 λαβοῦσα.

155 2866 157 2869 .
217 2798 368 2887 ,Συνέβη
396 2799 437 2866 δέ
461 2825 493 2866 τι
520 2799 576 2867 καὶ
593 2801 758 2868 τοιοῦτον.
794 2797 906 2868 έλθδιν
925 2802 958 2880 ές
975 2797 1014 2867 τὸ
1034 2799 1159 2868 Μεδιό-
1172 2821 1193 2862 υ

150 2915 255 2974 λανον
288 2901 401 2996 ρ’όκουν
432 2910 469 2972 ἒν
500 2931 568 2973 τινι
600 2912 795 2998 προαστείῳ.
841 2894 989 2974 ένταῦθα
1022 2910 1162 2994 ἔπεμπεν

150 3008 301 3098 Εῦσεβία
329 3010 485 3102 πολλάκις
512 3010 595 3099 πρός
621 3038 661 3099 με
684 3012 981 3101 φιλοφρονουμένη
1009 3013 1066 3081 καὶ
1087 3010 1162 3103 χρό-

236 3207 519 3296 βοῦβδνᾛοῦδὲ·
573 3219 606 3295 ἱ’λ
630 3201 685 3267 οῦν
702 3216 808 3267 add.v
852 3188 855 3191 ¹
895 3219 926 3298 λβ
946 3222 975 3273 ετ,
993 3219 1026 3267 13
1051 3209 1105 3300 οῦκ
1124 3213 1163 3276 είς

152 3279 600 3418 λό”ιῖἷῖλίῦὲόῦίιῗιιζῖψ
618 3279 1164 3423 ῗόὴέοραιόῗεόκῦῗόλζιῗδόῖεωὲἷ

153 3412 253 3482 ἱκέτην
281 3415 359 3484 Ρει.]
390 3413 506 3485 οἰκέτην
538 3416 543 3483 Ι
580 3409 744 3484 ἐπέδειξεν]
775 3410 908 3482 ἔδειξενῖ
937 3420 985 3481 vid
1016 3421 1051 3470 εδ
1081 3421 1163 3472 307Α

149 3487 186 3542 22
203 3479 380 3552 παρέστησεν
398 3483 440 3552 v]
452 3482 631 3552 παρέστηκεν
