2408 3856
491 154 625 207 ORATIO
644 156 665 208 1.
1040 157 1083 223 27

115 283 189 370 ιθά,
217 283 274 351 καὶ
293 284 362 352 τῶν
389 281 491 367 πάλαι
509 284 736 370 ποθουμένου
755 281 871 365 διδούς
889 281 1082 375 ἀπολαύειν,
1114 280 1119 289 ’

115 419 158 479 ης
195 385 280 457 κατά
317 389 386 457 τῶν
423 387 619 479 βαρβάρων,
656 395 825 478 τροπαίων
863 392 1082 480 ἐγειρομένων

111 494 146 565 τά
178 498 238 583 τής
270 499 485 585 Παρθυαίων
516 491 670 576 ἀπιστίας
701 496 757 563 καὶ
790 493 974 585 ἀνανδρίας
1012 500 1082 584 [καὶ

111 604 223 689 ,λίας],
261 592 310 670 ὦν
342 598 381 670 τὸ
419 599 480 687 μὲν
512 602 720 682 ἐπεδείξαντο
752 600 812 683 τὰς
843 601 992 684 σπονδάς
1024 605 1081 673 λύ-

107 736 181 790 ντες
212 710 270 776 καὶ
302 706 365 794 τήν
398 706 536 795 εἰρήνην
563 710 776 795 συγχέαντες,
803 707 841 778 τὸ
871 708 908 778 δὲ
934 708 979 800 μή
1008 719 1126 780 πολ-1)

107 817 190 909 ἱνιες
209 809 294 902 ὑπὲρ
313 815 372 901 τῆς
398 812 508 903 χώρας
525 815 580 882 καὶ
599 817 668 882 τῶν
687 813 855 900 φιλτάτων
882 812 1081 904 ἀμύνεσθαι.

139 917 222 990 Ἀλλ’
254 916 344 1000 ὅπως
360 919 406 1010 μή
434 947 483 1000 τις
509 915 662 1008 ὑπολάβῃ
680 948 721 1007 με
739 919 869 989 τούτων
886 921 949 1009 μέν
975 919 1081 1049 ήδέως

107 1031 255 1115 μνήσθαι
281 1028 351 1094 τῶν
379 1023 542 1115 ἔργων,’
526 1040 641 1095 οκνεῖν
668 1026 706 1094 δὲ
725 1029 845 1113 ἐκεῖνα,
873 1025 996 1117 περὶ“
977 1057 997 1095 α
1025 1031 1081 1098 καὶ

107 1148 133 1215 ῖς
159 1138 331 1219 πολεμίοις
348 1135 586 1220 πλεονεκτῆσαι
608 1134 773 1221 παρέσχεν
795 1161 816 1219 η
834 1159 927 1221 τυχη,
955 1136 1105 1229 μᾶλλον

103 1235 148 1327 ή
176 1238 269 1328 χώρα
296 1237 359 1326 τήν
391 1241 427 1307 ἐκ
453 1242 515 1308 τού
541 1242 661 1327 καιροῦ
692 1244 933 1328 προσλαβοῦσα
957 1240 1080 1374 ροπήν,

107 1340 351 1433 αίσχύνην“
334 1359 429 1432 ημῖν,
462 1341 539 1433 ούχὶ
567 1344 605 1413 δὲ
636 1351 776 1414 ἔπαινον
807 1347 862 1415 καὶ
895 1345 993 1434 τιμήν
1022 1349 1080 1435 φέ-

107 1478 180 1537 ντα,
217 1452 274 1520 καὶ
315 1446 399 1540 ύπέρ
433 1450 566 1536 Ιτούτων
602 1451 800 1540 πειράσομαι
838 1456 986 1540 δηλῶσαι
1023 1453 1080 1522 διά

107 1560 231 1646 αχέων,
268 1554 310 1625 ού
342 1555 424 1646 πρὸς
456 1555 493 1626 τὸ
530 1559 801 1626 λυσιτελέστατον
839 1561 969 1651 ἐμαυτῷ
1001 1559 1081 1641 τοὺς

107 1690 184 1750 γους
211 1663 376 1750 πλάττων,
403 1662 466 1751 τήν
494 1660 658 1750 ἀλήθειαν
677 1663 715 1732 δὲ
734 1661 873 1751 ἀγαπῶν
902 1666 938 1733 ἐν
966 1667 1079 1733 πᾶσιν.
1098 1693 1132 1741 23

132 1780 165 1839 εί
193 1796 244 1851 τις
276 1767 364 1838 ἑκὼν
395 1764 594 1859 ἁμαρτάνοι,
628 1767 691 1858 τήν
723 1772 759 1839 ἐκ
790 1773 852 1839 τού
884 1770 1079 1841 κολακεύειν

103 1876 228 1964 σχύνην
256 1872 411 1963 οὐδαμῶς
430 1875 594 1963 ἐκφεύγει,
622 1881 824 1964 προστίθησι
843 1876 881 1944 δὲ
899 1892 969 1957 τοῖς
987 1879 1079 1945 ἐπαι-

107 1984 240 2070 υμένοις
257 1980 295 2053 τὸ
316 1986 430 2050 δοκεῖν
453 1980 535 2069 Ιμηδ’
565 1978 649 2070 ὑπὲρ
668 1984 736 2048 τῶν
755 1978 866 2049 ἀλλων
884 1973 923 2049 εύ
942 1979 1080 2050 ἀκούειν

106 2087 142 2157 τά
168 2086 233 2176 τήν
260 2084 370 2168 ἀξίαν·
404 2084 421 2157 δ
449 2098 574 2156 παθεῖν
601 2085 866 2174 εύλαβησόμεθα.
913 2089 1012 2168 δείξει
1041 2087 1079 2155 δὲ

107 2195 208 2283 λόγος
236 2190 347 2280 αύτός,
375 2200 406 2262 εί
432 2197 588 2282 μηδαμοῦ
614 2192 653 2262 τὸ
672 2195 798 2274 ψεῦδος
825 2191 971 2283 πρὸτῆς
998 2189 1077 2282 ἀλη-

99 2308 156 2382 τίας
183 2306 364 2389 τετίμηκεν.
397 2297 523 2369 οὐκοῦν
552 2291 590 2368 εὖ
618 2298 705 2385 οἶδα,
734 2296 785 2368 ὅτι
803 2300 923 2381 πάντες
951 2295 994 2369 ἀν
1021 2303 1078 2389 με’-

99 2429 176 2476 στον
205 2406 350 2494 φήσειαν
376 2408 601 2494 πλεονέκτημα
628 2406 896 2496 τῶνβαρβάρων
923 2405 984 2475 τὸν
1011 2407 1076 2496 πρὸ

91 2517 127 2582 ι’ν
155 2512 338 2600 Σιγγάρων
365 2513 519 2601 πόλεμον.
561 2510 625 2597 ε’γιδ
654 2511 691 2579 δὲ
719 2515 851 2600 ἐκείνην
878 2510 939 2600 τήν
967 2513 1118 2600 μάχηυΒ

61 2639 114 2689 ῖσα
143 2619 206 2707 μὲν
233 2622 382 2704 ἐνεγκεῖν
408 2632 479 2699 τοῖς
498 2620 735 2707 στρατοπέδοις
761 2617 802 2686 τά
831 2618 1077 2707 δυστυχήματα,

62 2728 165 2807 δεῖξαι
193 2723 231 2793 δὲ
249 2723 311 2813 τήν
335 2723 399 2812 σήν
418 2722 539 2814 ἀρετήν
566 2726 827 2814 περιγενομένην
854 2727 912 2812 τής
940 2728 1079 2795 ἐκείνων

21 2832 160 2920 χιτύχης
188 2837 296 2919 φαίην
315 2826 358 2898 ἀν
376 2831 520 2918 εἰκότως,
547 2832 604 2899 καὶ
631 2833 735 2898 ταῦτα
763 2832 975 2922 στρατοπέδω
1000 2859 1078 2922 χρη-

17 2926 33 3007 Ῐ
61 2939 209 3026 σαμένην
241 2947 367 3025 θρασεῖ
395 2938 450 3005 καὶ
487 2939 641 3028 τολμηρῷ
677 2938 733 3005 καὶ
766 2935 851 3027 πρὸς
886 2928 965 3023 τήν
986 2934 1079 3024 ὥραν
1149 3019 1155 3031 ⁸

12 3076 46 3137 j,
60 3045 115 3112 καὶ
152 3042 215 3132 τήν
251 3045 314 3111 τού
349 3050 491 3129 πνίγους
528 3043 644 3131 ῥύμην
681 3040 743 3131 ούχ
780 3038 902 3131 ὁμοίως
939 3044 1079 3121 ἐκείνοις

129 3190 295 3245 3οῖ4καλ
316 3197 380 3243 ante
400 3191 513 3252 δειλίας
531 3209 583 3244 om
596 3193 625 3242 Μ
645 3194 719 3255 εῖδ,
739 3207 823 3258 quare
843 3188 955 3268 δειλίας
974 3190 1080 3241 delevit

7 3271 29 3363 χι
58 3261 121 3312 Pet.
144 3261 174 3311 in
201 3261 246 3313 οδ.
269 3261 295 3310 fl.
304 3275 390 3325 ‚ogo
417 3258 468 3312 καλ
495 3259 607 3320 δειλίας
633 3261 737 3311 seclusi
812 3262 827 3309 6
855 3248 1028 3336 ἀμύνασθαι
1051 3259 1080 3308 Μ

7 3325 312 3409 θτιλεονεκτήσαι
330 3328 397 3381 Rsk
416 3332 443 3378 et
460 3326 574 3405 wyte]
580 3324 821 3379 πλεονεκτεῖσθαι
892 3328 922 3375 17
946 3316 1017 3390 μηδ’
1038 3325 1076 3392 Η]

59 3389 136 3464 μήθ
163 3397 167 3458 Ι
192 3387 312 3447 ἀκούειν
332 3383 363 3446 εὖ
382 3397 411 3445 Μ
479 3398 509 3445 21
531 3389 656 3462 φήσειαν
675 3390 714 3460 Η]
734 3386 859 3458 φήσαιεν
929 3396 962 3446 23
981 3387 1081 3457 laaV,

55 3467 92 3519 ut
122 3463 196 3514 solet
276 3466 310 3513 25
336 3455 517 3542 χρησάμενον
544 3465 576 3514 V.
603 3479 639 3512 an
666 3454 871 3528 χρησαμένουρ
956 3463 989 3512 26
1017 3464 1080 3532 τολ-

59 3529 141 3600 μηρῷ
158 3529 228 3586 Bsk.
249 3537 278 3581 et
294 3528 331 3596 H]
350 3533 448 3599 τολμη.
480 3530 515 3584 cf
534 3531 618 3581 2281)

44 3758 54 3770 4ι
84 3755 88 3759 ”

7 3767 80 3839 Q:
98 3777 140 3809 (32
154 3782 180 3808 ΥΔ,
197 3796 200 3797 ⁷

58 3803 168 3839 Affiffiln-
205 3814 206 3818 ¹
