2446 3870
479 189 613 241 οαετεο
632 187 680 242 v1.
1023 189 1087 254 235

68 321 165 399 ίσμεν
193 309 245 381 ότι
272 311 418 401 χαλεπὸν
446 310 465 384 ὁ
492 315 658 401 θάνατος,
685 305 742 383 καὶ
768 313 806 385 τὸ
834 330 950 385 νοσεῖν
976 317 1085 386 θεινό-

67 445 165 506 τερον
193 414 302 489 αὐτοῦ
329 439 414 508 φασι
440 424 502 491 τοῦ
519 421 685 508 θανάτου,
712 419 750 490 τὸ
778 424 900 509 ῥιγοῦν
927 422 965 492 δὲ
992 431 1085 511 χαλε-

67 523 218 614 πῶτερον
254 528 316 595 τοῦ
352 541 476 596 νοσεῖν.
533 524 551 597 ὁ
583 528 645 616 μὲν
681 525 745 617 γὰρ
781 530 895 597 νοσῶν
931 531 1086 616 μαλακῶς

68 627 143 700 ἔσθ’
173 627 229 700 ότε
256 633 492 721 θεραπεύεται,
521 631 604 703 ῶστε
638 635 790 722 [ἑαυτοῦ]
824 641 981 721 γίνεσθαι
1007 661 1085 724 τρν-

35 733 137 825 εφὴν
174 734 370 828 αὐτόχρημα
405 737 467 829 τὴν
503 737 709 830 ἀρρωστίαν,
746 737 854 822 α”λλως
889 768 924 810 τε
965 736 1028 810 κῶν
1065 731 1125 829 ᾗΟ
1168 784 1170 787 -

66 842 235 925 πλούσιος.
285 845 478 934 ἐθεασάμην
508 873 560 916 τοι
596 848 651 915 καλ
688 842 791 928 αύτὸς
829 844 872 935 νὴ
905 852 976 915 Δία
1007 874 1086 937 τρν«

68 949 205 1037 φῶντας
232 977 325 1032 τινας
352 955 390 1021 ἐν
416 967 489 1034 ταῖς
515 952 630 1034 νόσοις
657 955 785 1040 μᾶλλον
811 948 832 1041 ἢ
860 952 1002 1034 τούτους
1024 950 1085 1031 αύὴ

66 1053 146 1137 τοὺς
173 1051 404 1143 ὑγιαίνοντας·
431 1067 540 1128 καίτοι
567 1087 605 1146 με
631 1060 687 1127 καλ
706 1058 779 1127 τότε
807 1061 963 1148 λαμπρῶς
990 1059 1084 1149 ἐτρύ-

67 1188 152 1249 φων.
171 1159 256 1232 ὅθεν
283 1191 340 1251 μοι
367 1166 423 1235 καλ
450 1168 596 1255 παρέστη
623 1164 707 1254 πρός
732 1191 826 1246 τινας
852 1166 921 1234 τῶν
944 1167 1086 1254 ἑταίρων

22 1294 54 1334 ιο
67 1273 189 1353 εἰπεῖν,
232 1265 276 1350 ῶς
311 1271 444 1352 τούτοις
484 1269 623 1359 ἄμεινον
658 1263 702 1360 ἦν
743 1269 884 1352 οἰκέταις
924 1273 1084 1358 γενέσθαι

66 1377 195 1462 μᾶλλον
223 1371 244 1502 ῦχ
263 1377 448 1463 δεσπόταις,
475 1380 532 1448 καί
550 1380 712 1448 πένεσθαι
730 1381 792 1447 τοῦ
819 1385 939 1466 κρίνον
958 1405 1084 1465 ννμνο-

65 1481 175 1568 τέροις
203 1472 301 1551 οὖσιν
328 1479 544 1572 ἢπλοντεῖν
554 1482 664 1574 ῶσπερ
682 1487 757 1553 νῦν.
793 1513 814 1573 η
834 1511 898 1573 γαρ
921 1479 964 1552 ῶν
984 1483 1084 1553 ἐπαύ-

68 1591 173 1654 σαντο
209 1591 391 1671 νοσοῦντες
426 1618 494 1679 αμα
530 1592 586 1659 καλ
622 1593 824 1679 τρυφῶντες.
874 1586 912 1658 τὸ
944 1592 1005 1678 μὲν
1043 1589 1128 1677 θὴῖ)

68 1683 275 1780 νοσοτνφεῖν
301 1697 357 1765 καί
384 1686 631 1784 νοσηλεύεσθαι
649 1698 829 1822 τρνφηλῶς
856 1690 984 1764 οῦτωσί
997 1723 1086 1776 τινες

21 1822 53 1864 ιε
68 1800 106 1867 ἐν
133 1802 224 1890 καλῶ
251 1803 442 1871 ποιοῦνται
470 1799 557 1892 ἀνὴρ
585 1803 623 1873 δὲ
649 1805 711 1871 τοῦ
733 1801 859 1892 κρύους
886 1797 1086 1890 ἀνεχόμενος

67 1906 124 1974 καὶ
151 1867 283 1988 θάλπος
309 1911 481 1998 καρτερῶν
509 1906 585 1997 οῦχλ
604 1910 747 1978 καὶτῶν
764 1906 961 1976 νοσούντων
987 1904 1083 1976 αἰθλι-

66 2011 196 2100 ῶτερον
223 2013 373 2103 πράττει,
401 2012 497 2102 ἀλγεῖ
522 2017 609 2101 γοῦν
636 2012 894 2103 ἇπαραμύθητα.

147 2121 263 2208 Δεῦρο
293 2111 357 2189 οῦν
383 2117 476 2210 ἡμεῖς
503 2117 586 2210 ὑπὲρ
619 2123 687 2190 τῶν
713 2121 874 2188 Κυνικῶν
901 2113 1009 2186 ὁπόσα
1037 2122 1086 2185 θι-

67 2224 247 2294 όασκόλων
279 2222 471 2315 ἠκούσαμεν
502 2229 540 2296 ἐν
576 2230 678 2319 κοινῷ
711 2227 911 2313 καταθῶμεν
950 2237 1087 2292 σκοπεῖν

25 2354 53 2397 ιο
66 2345 139 2412 τοῖς
158 2332 211 2400 ἐπὶ
229 2329 290 2401 τὸν
317 2338 396 2419 βίον
415 2336 506 2402 ίοῦσι
532 2336 668 2402 τοῦτον·
696 2327 747 2414 οίς
770 2336 801 2400 εί
827 2330 888 2419 μὲν
905 2339 1087 2415 πεισθεῖεν,

67 2427 108 2506 εῦ
142 2434 235 2521 olda,
274 2434 377 2507 ούθλν
415 2443 451 2508 οἵ
484 2466 522 2527 νε
558 2443 625 2509 νῦν
658 2441 901 2529 ἐπιχειροῦντες
937 2443 1140 2520 κννίζεινῖεε

67 2549 204 2612 ἔσονται
231 2550 377 2634 χείρους·
408 2541 633 2627 ἀπειθοῦντες
659 2544 698 2615 δὲ
725 2549 757 2613 εί
781 2545 844 2633 μέν
875 2571 907 2612 τι
934 2540 1088 2634 λαμπρόν

67 2651 125 2717 καί
154 2648 279 2738 σεμνὸν
307 2650 568 2740 ἐπιτηδεύσειαν,
595 2647 875 2742 ὑπερφρονοῦντες
898 2647 958 2720 τὸν
985 2648 1088 2737 λόγον

67 2751 129 2824 τὸν
156 2750 332 2846 ἡμέτερον,
364 2755 438 2826 οῦτι
465 2773 536 2839 τοῖς
563 2757 724 2846 ῥήμασιν,
756 2752 839 2825 ἆλλιλ
870 2772 941 2837 τοῖς
968 2761 1087 2844 ἔρροις,

26 2883 54 2926 ει
69 2857 173 2929 οῦδὲν
210 2861 373 2950 ἐμπόδιον
404 2860 424 2932 ό
457 2890 494 2950 γε
530 2860 688 2953 ἡμέτερος
724 2866 809 2931 οίσει
840 2861 951 2949 λόγος·
988 2865 1021 2929 εί
1051 2858 1088 2928 δὲ

67 2963 134 3036 ὑπὸ
168 2975 313 3055 λιχνείας
340 2965 361 3057 ἢ
388 2975 552 3056 μαλακίας
578 2967 615 3058 ἤ,
648 2967 685 3038 τὸ
713 2968 897 3057 κεφάλαιον
930 2962 975 3034 ἵν’
1006 2960 1088 3033 είπω

68 3071 218 3153 ξυνελῶν
246 3076 283 3142 ἐν
310 3081 437 3164 βραχεῖ,
464 3077 523 3163 τῆς
550 3077 740 3163 σωματικῆς
766 3069 893 3160 ἡδονῆς
920 3076 1086 3140 δεδουλω-

137 3274 259 3345 2φασι]
280 3294 377 3356 φαμεν
396 3278 502 3342 malim
523 3279 578 3333 vid
597 3277 738 3331 ad189A
823 3278 920 3328 4et5
944 3276 1043 3326 suidas
1061 3292 1088 3326 v.

66 3339 264 3428 Ἀντισθίνηςι
284 3334 357 3397 ῶστε
373 3346 511 3413 γίνεσθαι
530 3342 584 3426 τὴν
601 3339 767 3424 ἀρρωστίαν
785 3337 900 3422 τρυφὴν
918 3335 1089 3410 αύιόχρημα

69 3417 87 3462 4
109 3404 216 3464 ἑαυτοῦ
240 3419 289 3463 aut
312 3413 457 3464 delendum
480 3419 529 3464 aut
547 3405 640 3464 αῦιοῦ
662 3412 708 3462 vel
731 3403 809 3480 αῦιιμ
831 3409 1004 3462 scribendum
1074 3413 1089 3459 6

69 3484 161 3555 walp
164 3477 240 3531 ίτοι
260 3481 330 3532 ask
412 3483 444 3532 20
462 3481 613 3533 πεισθειεν
632 3476 668 3545 Η]
688 3463 806 3532 πείθείν
893 3481 924 3530 21
949 3469 1018 3531 οῦδὲ
1021 3494 1036 3528 ν
1052 3475 1089 3542 H]

70 3499 166 3600 οῦθλῦ
234 3551 268 3598 25
286 3537 375 3599 οῦόεν
393 3544 432 3614 Η]
453 3538 546 3600 οῦθὲν
