2414 3862
142 153 204 218 606
313 153 458 205 IULIANI
476 148 726 203 IMPERATORIS
745 146 928 200 EPISTOLA
947 151 991 202 79.

142 294 276 358 dorum
300 293 458 359 scribit:
495 291 546 356 Tu
569 265 713 373 quidem,
745 287 942 371 oPhotine‚
974 288 1156 356 verisimilis

143 399 277 484 videris,
306 404 346 464 et<
365 392 544 483 proximus
557 397 696 480 salvare,
727 394 937 460 benefaciens·
957 417 1157 482 nequaquam

142 507 178 570 in
209 510 302 572 utero
334 505 485 569 inducere
517 525 613 588 quem
645 503 810 569 credidisti
842 504 947 568 deum.
998 502 1156 569 Diodorus

144 616 252 678 autem
275 611 435 677 Nazaraei
458 631 589 694 magus,
612 609 680 675 eius
704 608 961 696 pigmentalibus
985 631 1157 696 manganes
1204 602 1205 608 ἵ

145 741 262 784 acuens
298 717 633 800 irrationabilitatem,
674 719 789 781 acutus
826 716 980 799 apparuit
1017 709 1204 801 sophista5'

61 832 63 838 '
143 825 312 910 religionis
345 825 494 909 agrestis.
543 822 593 888 Et
625 826 714 907 post
746 823 962 907 paululum:
1010 821 1104 898 Quod
1133 826 1156 888 si

143 931 240 996 nobis
273 931 425 1015 opitulati
456 930 578 995 fuerint
606 930 651 995 dii
679 935 713 995 et
740 930 819 994 deae
847 933 880 994 et
908 951 1023 995 musae
1053 954 1155 998 omnes

145 1042 178 1103 et
195 1038 337 1122 fortuna,
354 1037 561 1103 ostendemus
579 1037 744 1102 infirmum
764 1040 797 1101 et
813 1041 1042 1121 corruptorem
1055 1040 1155 1124 legum

144 1149 178 1209 et
209 1145 374 1210 rationum
406 1148 440 1209 et
471 1145 703 1229 mysteriorum
735 1165 939 1230 paganorum
968 1150 1003 1211 et
1030 1146 1154 1211 deorum

140 1250 359 1335 infernorum,
395 1255 429 1315 et
462 1251 555 1315 illum
587 1272 707 1316 novum
739 1252 819 1315 eius
840 1251 936 1315 deum
970 1251 1205 1334 Galilaeum,
1163 1262 1180 1300 ¹⁰

145 1377 240 1439 quem
272 1354 441 1421 aeternum
469 1355 618 1421 fabulose
645 1357 812 1441 praedicat
839 1358 975 1442 indigna
1003 1363 1179 1425 morteet

146 1463 327 1547 sepultura,
362 1462 559 1528 denudatum
595 1463 752 1529 confictae
788 1486 808 1528 a
838 1463 987 1530 Diodoro
1023 1466 1152 1531 deitatis.
1200 1385 1205 1607 i

146 1567 255 1636 Sicut
240 1573 352 1635 ttau
357 1593 412 1636 em
441 1570 568 1637 solent
598 1580 773 1635 errantes
802 1571 975 1636 convicti
1002 1572 1204 1724 fingere,

146 1677 244 1760 quod
266 1680 350 1742 arte
374 1679 497 1764 magis
521 1698 635 1762 quam
658 1678 825 1742 veritate
850 1678 1077 1764 vincantur,
1105 1701 1151 1744 se·
1200 1611 1204 1785 1

146 1785 278 1869 quitur
301 1784 448 1849 dicens:
485 1783 553 1848 Iste
580 1783 668 1848 enim
690 1783 778 1848 malo
802 1784 985 1850 communis
1008 1731 1204 1850 utilitatist
1200 1815 1204 1889 2⁴

145 1890 292 1956 Athenas
318 1892 477 1975 navigans
501 1894 534 1954 et
552 1890 793 1974 philosophans
816 1892 1042 1974 imprudenter
1064 1892 1150 1957 musi·

146 2005 258 2061 eorum
275 1997 491 2081 participatus
511 2002 561 2062 est
578 1997 750 2081 rationem,
773 2001 806 2061 et
823 1997 966 2063 rhetoris
987 1999 1148 2063 confectio·

143 2103 240 2167 nibus
269 2103 421 2168 odibilem
449 2105 631 2170 adarmavit
649 2105 800 2190 linguam
823 2104 979 2170 adversus
1004 2105 1148 2199 caelestes
1200 2118 1203 2214 i

145 2210 221 2276 deos
223 2232 347 2296 ‚usque
361 2212 611 2296 adeo1gnorans
626 2232 828 2296 paganorum
841 2212 1012 2296 mysteria·
1019 2216 1148 2277 omnem·
1200 2217 1203 2259 l

145 2339 206 2400 que
220 2318 449 2383 miserabiliter
462 2317 633 2403 imbibens
643 2319 681 2382 ut
695 2319 787 2382 aiunt
787 2317 1003 2402 ,degenerum
1017 2319 1071 2383 et
1060 2338 1203 2406 impe
1140 2326 1174 2366 .o

144 2424 283 2487 ritorum
302 2426 370 2507 ejus
388 2422 617 2508 theologorum
630 2425 829 2507 piscatorum
844 2444 998 2488 errorem.
1023 2423 1204 2526 Propter
1202 2458 1203 2469 1

144 2528 258 2613 quod
248 2551 315 2594 ram
333 2530 388 2594 diu
407 2533 458 2594 est
477 2530 564 2615 quod
582 2531 652 2595 ab
643 2531 724 2615 ipsis
738 2531 873 2614 punitur
886 2530 959 2594 diis.
988 2530 1061 2596 Iam
1076 2531 1148 2595 enim
1202 2575 1204 2619 h

49 2685 51 2688 >
143 2636 340 2718 permultos
360 2658 461 2701 annos
480 2637 515 2701 in
533 2636 712 2720 periculum
731 2658 904 2702 conversus
926 2640 960 2700 et
977 2637 1149 2719 incorrup·

142 2742 267 2808 tionem
285 2742 429 2808 thoracis
447 2742 607 2827 incidens,
631 2744 672 2807 ad
691 2765 851 2807 summum
870 2744 1021 2826 pervenit
1040 2741 1149 2827 suppli·

144 2849 238 2914 cium.
268 2847 371 2914 Omne
390 2849 459 2914 eius
479 2870 595 2932 corpus
615 2851 842 2932 consumptum
861 2850 920 2912 est.
946 2846 1038 2913 Nam
1056 2849 1175 2914 malua
1203 2841 1204 2884 ³

22 3019 24 3022 ,
64 3040 69 3051 1
144 2954 212 3019 eius
240 2956 463 3039 conciderunt,
492 2976 592 3041 rugae
621 2977 697 3021 vero
724 2956 760 3020 in
783 2955 991 3019 altitudinem
1014 2954 1149 3040 corporis

143 3048 390 3128 descenderunt*
415 3061 507 3138 Quod
525 3084 592 3126 non
610 3065 660 3127 est
677 3061 922 3145 philosophicae
941 3061 1149 3127 conversatio·
1203 3055 1205 3070 ‘

132 3165 193 3230 mis
212 3166 341 3254 indicio,
362 3168 446 3233 sicut
464 3168 566 3234 videri
585 3170 655 3234 vult
666 3192 693 3237 ,a
711 3190 745 3233 se
765 3168 918 3253 deceptis,
937 3168 995 3232 sed
1013 3169 1149 3234 iustitiae

140 3279 202 3356 pro
221 3278 309 3339 certo
329 3276 525 3360 deorumque
539 3297 672 3360 poenae,
690 3298 753 3360 qua
767 3276 947 3361 percutitur
961 3274 1148 3364 competenti

140 3381 276 3466 ratione,
294 3403 396 3465 usque
415 3382 455 3447 ad
468 3383 683 3448 novissimum
698 3383 784 3449 vitae
803 3405 879 3448 suae
893 3383 995 3448 finem
1009 3389 1177 3470 asperam³⁰
1204 3375 1205 3378 ¹

141 3487 174 3547 et
192 3483 338 3550 amaram
356 3488 458 3551 vitam
476 3476 587 3553 vivens
607 3493 640 3553 et
657 3490 774 3554 faciem
792 3490 917 3574 pallore
936 3493 1122 3558 confectam.

1202 3591 1205 3634 1
