2446 3870
153 136 215 201 114
453 138 599 190 mmm
619 137 869 190 IMPERATORIS

152 261 289 351 ἀγεννὲς
317 264 580 354 ἐπ(εισ)αγαγεῖν
607 265 745 353 σπέρμα.
786 270 881 352 δίκης
905 264 943 334 δέ
970 263 1060 356 αὐτῷ
1080 268 1171 354 με’λει

151 372 208 441 καὶ
243 373 394 458 θέμιδος,
435 373 492 439 καὶ
529 369 606 455 οὔτε
647 361 772 457 γονεῖς
793 369 870 440 ούτε
907 373 1078 457 ξυγγενεῖς
1114 375 1170 442 καὶ

152 484 246 565 φίλοι
273 483 432 546 πείθουσι
463 483 756 565 καταχαρίσασθαί
780 497 863 564 σφιν
894 479 951 546 καὶ
979 482 1170 567 προδοῦναι

98 605 133 655 89
151 582 190 653 τὸ
227 588 371 652 ἔνδικον.
425 579 654 672 ὑπολαμβάνει
690 580 755 672 γάρ
792 579 949 652 ἁπάντων
981 581 1067 652 εἶναι
1105 579 1190 673 τὴν

150 694 294 779 πατρίδα
321 687 441 778 κοινὴν
467 692 581 759 ἑστίαν
608 691 664 758 καὶ
691 691 825 778 μητέρα,
853 692 1083 778 πρεσβυτέραν
1107 692 1196 779 μέντ

151 799 207 865 καλ
235 797 438 885 σεμνοτέραν
464 799 533 864 τῶν
561 797 687 884 [φίλων
713 796 786 882 καὶ]
814 798 977 885 πατέρων,
1006 800 1169 887 φιλτέραν

151 902 189 972 δέ
221 899 379 990 ἀδελφῶν
410 905 467 972 καὶ
498 904 604 983 ξένων
635 902 692 971 καὶ
724 908 847 989 φίλων·
884 893 923 990 ἦς
955 899 1166 991 άποσνλῆσαι

149 1007 212 1078 τδν
238 1009 345 1097 νόμον
372 1011 429 1078 καὶ
456 1009 643 1097 βιάσασθαι
665 1015 777 1097 μεῖζον
804 1004 955 1096 άσέβημα
982 1014 1087 1097 κρίνει
1105 1011 1165 1096 τῆς

149 1118 225 1205 περὶ
255 1114 297 1184 τά
328 1115 478 1205 χρήματα
509 1118 578 1183 τῶν
614 1116 707 1183 θεῶν
738 1120 956 1203 παρανομίας.
999 1121 1068 1183 ἐστι
1100 1113 1167 1203 γάρ

150 1218 168 1290 ὁ
197 1221 299 1310 νόμος
317 1227 456 1308 ἔγγονος
473 1223 533 1308 τῆς
551 1225 656 1308 δίκης,
686 1218 778 1309 ἱερὸν
805 1216 966 1309 άνάθημα
993 1221 1050 1290 καὶ
1067 1231 1167 1291 θεῖον
1182 1249 1207 1288 10

149 1325 286 1414 άληθῶς
317 1329 378 1396 τοῦ
411 1332 569 1415 μεγίστου
601 1329 701 1410 θεοῦ,
735 1322 776 1396 δν
809 1325 966 1414 οὐδαμῶς
994 1325 1014 1395 ὅ
1046 1354 1083 1412 γε
1112 1333 1166 1416 ἐμ-

150 1460 246 1521 φρων
283 1429 369 1522 άνηρ
401 1434 476 1522 περὶ
509 1436 651 1522 σμικροῦ
683 1433 855 1520 ποιήσεται
888 1430 969 1502 ούδέ
1000 1429 1165 1521 άτιμάσει·

108 1537 232 1609 Βάλλά
265 1541 302 1607 ἐν
334 1544 412 1628 δίκη
448 1539 557 1608 πάντα
595 1541 687 1629 δρῶν
722 1537 803 1620 τοὺς
834 1538 897 1628 μέν
934 1536 1087 1626 άγαθούς
1119 1567 1165 1608 τι-

148 1645 245 1735 μήσει
285 1645 483 1735 προθύμως,
524 1643 603 1727 τοὺς
642 1643 837 1735 μοχθηρούς
874 1644 911 1714 δέ
948 1648 981 1726 ἐς
1018 1645 1167 1734 δύναμιν

149 1755 267 1821 ἰᾶσθαι
298 1752 451 1842 καθάπερ
485 1749 598 1840 ἰατρὸς
624 1749 754 1838 άγαθός
785 1751 1048 1841 προθυμήσεται.
1094 1757 1163 1820 διτ·
1180 1779 1205 1820 15

147 1861 216 1927 τῶν
244 1858 282 1928 δὲ
310 1857 419 1929 ὅντων
445 1862 513 1929 τῶν
542 1853 795 1948 ἁμαρτημάτων,
823 1859 966 1928 καὶτῶν
993 1858 1054 1946 μὲν
1082 1853 1165 1927 ὑπο-

148 1962 350 2054 φαινόντων,
375 1969 511 2047 ἐλπίδας
538 1961 696 2054 ἀμείνους
728 1967 783 2035 καλ
812 1961 854 2034 ού
881 1965 988 2052 πάντη
1016 1961 1078 2052 τὴν
1106 1975 1164 2033 θε-

147 2080 289 2161 ραπείαν
317 2070 611 2162 άπεστραμμίνων,
640 2075 708 2140 τῶν
731 2072 769 2140 δὲ
787 2068 906 2139 άνίατα
933 2071 1164 2158 πλημμελούν-

146 2201 227 2246 των·
255 2179 388 2259 τούτοις
415 2178 452 2246 δὲ
472 2183 507 2247 ολ
532 2178 631 2266 νόμοι
658 2177 811 2247 θάνατον
838 2177 936 2246 λύσιν
963 2179 1032 2262 τῶν
1050 2179 1164 2246 κακῶν

146 2284 357 2379 ἐπενόησαν,Ἢ
372 2280 435 2352 ούκ
462 2288 510 2363 είς
536 2281 598 2370 τὴν
626 2285 764 2352 ἐκείνων
791 2287 934 2372 μᾶλλον,
962 2288 1009 2363 είς
1037 2282 1075 2351 δέ
1102 2281 1163 2371 την
1177 2310 1203 2350 ιο

108 2385 259 2458 θάλλων
292 2382 469 2475 ῶφέλειαν·
503 2386 614 2469 διττάς
646 2386 679 2457 δ’
710 2387 837 2478 ἀνάγκη
870 2387 929 2470 τάς
959 2395 1086 2478 κρίσεις
1113 2396 1163 2474 γί·

146 2505 297 2580 γνεσθαι.
337 2492 471 2563 ὀύκοῦν
498 2497 567 2563 τῶν
598 2494 660 2583 μὲν
692 2501 837 2584 ίασίμων
864 2492 954 2587 αύτῷ
982 2495 1163 2584 προσήκειν

145 2595 351 2688 ὑπολήψεται
387 2600 449 2689 τήν
485 2629 520 2670 τε
557 2604 736 2687 ἐπίγνωσιν
772 2605 828 2672 καὶ
863 2600 926 2690 τὴν
966 2608 1162 2690 θεραπείαν,

145 2703 300 2793 ἀφέξεται
315 2743 317 2747 ’
332 2707 369 2776 δέ
401 2709 470 2776 τῶν
502 2706 613 2777 άλλων
644 2709 731 2798 μάλα
769 2711 978 2798 ἐρρωμένως,
1010 2709 1067 2776 καὶ
1100 2705 1163 2776 ούκ

145 2811 189 2882 άν
224 2839 303 2883 ποτε
340 2813 427 2882 ἑκῶν
464 2811 584 2895 άψαιτο
622 2822 775 2904 κρίσεως,
813 2811 867 2902 ἐφ’
902 2805 923 2904 ᾗ
955 2812 1104 2895 θάνατος
1141 2808 1200 2901 ἡιε

145 2927 241 3009 ζημία
277 2917 366 3010 παρά
399 2922 466 2989 τῶν
502 2921 616 3008 νόμων
648 2937 718 3001 τοῖς
755 2918 926 3009 ῶφληκόσι
962 2918 1026 3008 τὴν
1063 2925 1163 3008 δίκην

229 3109 243 3155 1
268 3098 474 3172 ἐπεισαγαγεῖν
498 3101 543 3172 Η]
568 3099 725 3171 ἐπαγαγεῖν
794 3109 809 3154 2
834 3099 864 3156 ολ
886 3103 1075 3172 ξογγενεῐςλλ
1146 3108 1161 3156 3

143 3188 214 3237 σφιν
233 3171 266 3238 V]
288 3188 342 3238 σφι
409 3165 649 3238 4ύπολαμβάνει
668 3171 735 3239 VM]
759 3168 958 3239 προλαμβάνει
1028 3177 1043 3225 6
1068 3172 1186 3238 φίλων·

143 3238 195 3289 καὶ
218 3239 335 3292 delenda
359 3247 424 3292 sunt
493 3232 669 3304 Ἰάδελφῶν
692 3239 761 3307 VM]
788 3240 845 3292 τῶν
868 3237 917 3294 άδ.
988 3243 1020 3292 10
1044 3236 1161 3306 ἔγγονος

141 3304 180 3384 V]
201 3303 317 3390 ἔκγονος
387 3311 419 3388 ¹‚5
436 3305 701 3391 προθομηθησεται
719 3307 743 3356 V
813 3312 845 3387 19
869 3303 951 3389 λύσιν
969 3311 1063 3386 οῐῌ
1128 3312 1161 3392 2κο

140 3391 196 3425 ονκ
221 3391 263 3435 εις
282 3373 353 3441 VM]
377 3393 478 3436 οντες
556 3379 588 3426 21
608 3377 702 3427 αλλων
725 3376 750 3425 V
788 3393 846 3426 των
869 3378 931 3427 αλλ.
964 3374 969 3442 Ι
1007 3375 1026 3427 δ
1057 3375 1091 3442 V]
1116 3375 1159 3426 δε.

142 3441 359 3520 θετίλιεωδωηοε
387 3440 448 3508 δὴθ
480 3442 484 3506 Ι
517 3442 671 3510 γίγνεσθαι
691 3443 748 3495 VM
784 3443 921 3510 γίνεσθαι
991 3447 1024 3496 23
1047 3460 1078 3496 τε
1097 3443 1159 3494 add.

136 3507 197 3555 VM
245 3511 280 3559 25
299 3519 412 3575 αψαιτο
432 3509 466 3579 V]
485 3501 595 3578 άψεται
