2416 3864
139 153 202 219 358
440 153 584 205 mmm
606 153 855 207 ιυευαεοοιυε

140 284 250 371 τρέπει
277 308 333 369 μοι
360 285 509 368 βαδίζειν
537 287 584 362 είς
610 278 651 349 τά
668 280 876 371 στρατόπεδα
903 279 942 350 τὸ
970 285 1082 370 σχῆμα
1100 283 1151 351 καλ

139 387 202 475 τὴν
229 387 344 457 εἰκόνα
370 394 574 477 περιοίσοντι
601 385 663 474 τὴν
691 389 827 456 ἑαυτοῦ·
854 388 909 456 καλ
937 388 1002 476 γάρ
1025 414 1078 456 τοι
1101 388 1151 457 καὶ

139 496 239 564 τοῦτο
278 503 388 585 εἴρητο
420 495 476 562 καὶ
509 495 710 584 ἐγέγραπτο,
747 491 798 563 ὅτι
834 507 904 575 τοῖς
937 493 1079 575 Γάλλοις
1115 491 1152 564 οό

43 591 46 596 ’
140 601 278 688 βασιλέα
306 605 457 687 δίδωσιν,
486 598 568 670 ἀλλὰ
586 598 647 670 τὸν
664 598 726 689 τὴν
754 602 876 673 ἑαυτοῦ
894 597 979 690 πρὸς
1007 603 1152 683 ἐκείνους

140 706 256 776 εἰκόνα
282 710 473 795 κομιοῦντα.
511 704 582 798 (οὐ)
610 709 720 790 κακῶς
744 708 791 794 δέ,
820 703 865 788 ὡς
892 703 1068 795 ἀκηκόατε,
1094 710 1172 777 τοόι

139 813 275 904 πρότον
316 815 604 903 στρατηγηθέντος
650 816 807 883 ἐνιαυτοῦ
847 815 903 881 καλ
945 815 1152 903 πραχθέντος

140 925 344 1006 σπουδαίου,
376 919 460 1010 πρὸς
491 917 533 988 τά
560 919 712 1007 χειμάδια
744 918 845 988 πάλιν
877 918 1078 989 ἐπανελθὼν
1110 925 1152 1000 είς

98 1023 201 1096 Βτδν
227 1032 367 1115 ἔσχατον
394 1028 556 1115 κατέστην
582 1030 754 1095 κίνδυνον.
791 1022 956 1115 οὔτεγὰρ
985 1023 1152 1116 ἀθροίζειν

141 1135 218 1220 ἐξῆν
258 1161 315 1222 μοι
357 1132 601 1223 στρατόπεδον·
625 1134 753 1222 ·ἕτερος
793 1131 857 1221 γάρ
894 1123 939 1219 ἦν
976 1127 994 1200 ό
1032 1132 1151 1202 τούτου

138 1238 267 1327 κύριος·
300 1235 402 1319 αὐτός
428 1264 463 1307 τε
496 1236 558 1320 ξὺν
586 1235 712 1325 ὀλίγοις
743 1235 1053 1326 ἀποκεκλεισμένος,
1087 1237 1185 1307 εἶταιο

139 1342 229 1432 παρά
255 1346 324 1412 τῶν
351 1350 494 1431 πλησίον
521 1344 652 1413 πόλεων
679 1345 828 1432 αἰτηθείς
860 1346 1074 1432 ἐπικουρίαν,
1108 1335 1153 1413 όν

140 1447 231 1536 εἶχον
258 1448 295 1518 τὸ
324 1458 478 1519 πλεῖστον
506 1452 646 1531 ἐκείνοις
664 1451 755 1537 δοός,
785 1446 915 1538 [αὐτὸς]
945 1447 1153 1538 ἀπελείφθην

138 1554 251 1644 μόνος.
297 1557 407 1626 ἐκεῖνα
444 1555 506 1644 μὲν
547 1547 610 1626 οὖν
648 1553 755 1638 οὕτως
791 1555 941 1647 ἐπράχθη
982 1556 1067 1625 τότε.
1113 1552 1154 1638 ὥς

140 1661 178 1731 δὲ
205 1664 260 1731 καλ
289 1657 307 1732 ό
336 1665 405 1733 τῶν
432 1663 668 1753 στρατοπέδων
695 1659 807 1752 ἀρχων
835 1665 872 1732 ἐν
900 1658 1031 1753 ὑποψίᾳ
1059 1662 1150 1749 γενό-

138 1795 239 1856 μενος
266 1765 357 1861 αὐτῷ
389 1770 564 1859 παρηρέδη
597 1770 652 1838 καὶ
681 1765 853 1857 ἀπηλλάγη
881 1771 940 1856 τῆς
967 1765 1086 1857 ἀρχῆς,
1114 1764 1153 1837 οό
1166 1795 1187 1835 ιι

104 1875 275 1965 Οσφόδρα
307 1876 490 1964 ἐπιτήδειος
522 1874 641 1960 δόξας,
674 1880 778 1962 ἐγωγε
815 1877 1002 1963 ἐνομίσθην
1038 1872 1152 1962 ἥκιστα

140 1988 325 2063 σπουδαῖος
352 1983 408 2050 καὶ
428 1978 539 2062 δεινός
566 1981 759 2071 στρατηγός,
787 1976 844 2050 άτε
871 1982 982 2071 πρᾷον
1010 1982 1153 2068 ἐμαυτὸν

138 2085 321 2177 παρασχόν
347 2090 404 2157 καὶ
431 2089 573 2176 μέτριον.
620 2083 662 2156 οὐ
690 2083 753 2176 γάρ
786 2083 882 2179 ᾤμην
913 2092 986 2156 δεῖν
1015 2094 1154 2175 ζυγομα-

139 2207 211 2281 χεῖν
244 2191 324 2262 οὐδὲ
356 2207 659 2283 παραστρατηγεῖν,
693 2198 724 2263 εί
749 2192 793 2282 μή
825 2192 892 2262 πού
919 2220 950 2261 τι
983 2195 1053 2261 τῶν
1081 2199 1155 2262 λίαν

140 2298 365 2369 ἐπικινδύνου
393 2299 508 2388 ἑιόροιν
535 2295 555 2387 ἢ
584 2301 664 2369 δέον
682 2290 841 2387 γενέσθαι
868 2297 1113 2389 παρορώμενον
1134 2295 1190 2384 ἢν

139 2405 196 2472 καὶ
222 2402 284 2492 τὴν
312 2402 419 2492 ἀρχὴν
446 2403 490 2492 μὴ
519 2406 598 2474 δέον
625 2407 786 2490 γενέσθαι
814 2405 1024 2492 γιγνόμενον.
1071 2403 1155 2484 ἅπαξ

141 2509 178 2578 δὲ
205 2511 260 2580 καὶ
289 2511 449 2597 δεύτερον
477 2507 548 2600 (οὐ)
576 2511 795 2599 καθηκόντως
822 2516 884 2599 μοί
906 2537 1011 2602 τινοιν
1033 2528 1155 2600 χρηστὲ

95 2618 260 2704 Ιλμένων,
288 2615 433 2704 ἐμαυτὸν
461 2613 581 2709 ᾠήθην
607 2621 728 2708 χρῆναι
754 2620 853 2705 τιμάν
880 2620 920 2706 τῇ
948 2619 1073 2706 σιωπῇ,
1101 2618 1155 2686 καὶ

139 2725 201 2792 τοῦ
227 2725 349 2793 λοιποῦ
375 2721 438 2812 τὴν
465 2727 608 2812 χλανίδα
635 2725 835 2814 περιέφερον
852 2724 909 2792 καὶ
936 2721 999 2810 τὴν
1027 2723 1155 2794 είκόνα·

138 2829 269 2900 τούτων
300 2828 364 2918 γάρ
395 2828 433 2900 τὸ
465 2831 648 2918 τηνικαῦτα
680 2828 883 2917 διενοούμην
915 2826 1157 2917 ἀποπεφάνθαι
1169 2853 1190 2895 υ

141 3123 226 3171 mian.
244 3121 306 3172 Vol.
324 3123 353 3174 11
370 3139 396 3187 p.
415 3120 535 3172 1⁵16Erf.
606 3123 618 3169 1
645 3111 678 3170 τδ
697 3115 793 3185 σχῆμα
811 3119 944 3169 Valesius
961 3117 979 3173 l.
997 3117 1016 3168 l.
1036 3124 1065 3170 et
1084 3120 1154 3177 Len·

141 3202 204 3254 nep.
224 3189 259 3239 ad
278 3190 389 3240 Phalar.
410 3206 436 3254 p.
455 3190 511 3250 183,
523 3185 551 3253 b]
573 3176 668 3264 ὄχημα
755 3189 771 3237 ό
795 3182 963 3252 κομιοῦνται.
994 3178 1030 3237 οό
1048 3181 1154 3251 κακῶς]

227 3255 322 3316 κακῶς
343 3262 415 3322 pet„
438 3259 468 3306 in
486 3258 511 3307 V
528 3254 612 3320 periit
635 3271 669 3305 ον
693 3253 791 3304 charta
814 3268 942 3318 petrosa,
966 3254 1040 3318 quod
1063 3267 1156 3306 seeun-

124 3324 205 3374 ‘dum
227 3326 374 3375 Patavium
397 3323 522 3390 reposuit
543 3322 640 3388 spanh.
728 3324 744 3372 ό
765 3315 961 3386 πραχθέντος]
979 3317 1061 3380 τινὸς
1079 3321 1157 3372 addit

140 3391 200 3446 Pet.
270 3394 301 3441 11
326 3388 462 3458 αἰτηθεὶς
479 3387 551 3456 Pet]
570 3385 685 3447 ἐπιθελς
754 3391 786 3438 12
812 3379 899 3446 αὐτὸς
918 3389 1065 3440 delendum
1082 3388 1156 3440 vide·

1 3506 3 3508 ,
140 3463 187 3509 tur
256 3461 288 3508 14
310 3458 366 3510 τῶν
386 3475 437 3513 om.
457 3465 515 3522 pet.
584 3461 615 3508 21
639 3451 678 3522 μὴ
697 3450 765 3507 δέον
783 3452 821 3523 V]
839 3449 913 3522 μηδὲ
967 3456 1017 3506 -22
1041 3447 1077 3508 οό
1095 3455 1155 3506 add.

6 3526 19 3595 ’ζ
129 3524 199 3578 Pet.
272 3527 306 3577 25
324 3519 432 3578 τούτων
450 3524 478 3575 Η
497 3529 526 3576 et
544 3520 624 3592 Cob.]
644 3518 734 3590 τούτῳ
752 3539 785 3588 v,
803 3517 907 3577 τούτου
927 3523 987 3574 Ρολ.
