2436 3870
75 211 77 214 ,
148 149 211 217 366
451 150 592 210 IULIANI
614 148 862 202 IMPERATORIS

148 277 240 366 νόθη
268 305 336 366 μοι,
363 279 419 346 καὶ
447 273 566 345 αὐτίκα
591 274 659 366 (τά)
687 283 838 366 βασίλεια
865 282 1089 365 περιείληπτο,
1108 279 1159 346 καὶ

148 383 257 470 έβόων
288 382 422 466 πάντες,
456 389 502 452 ἔτι
540 382 777 471 φροντίζοντάς
809 411 876 471 μου
902 387 938 450 τί
962 378 1025 472 χρὴ
1054 396 1160 453 ποιεῖν

148 492 204 559 καί
232 486 326 559 οὔπω
359 488 494 578 σφόδρα
521 487 747 571 πιστεύοντος·
780 495 900 577 ἔτυχον
932 487 998 577 γάρ
1024 494 1080 566 ,ἔτι
1107 493 1161 578 της

109 598 290 684 Ογαμετῆς
332 594 435 683 ξάσης
475 621 531 684 μοι
568 591 845 683 ἀναπαυσόμενος
888 599 959 685 ίδίηι
1000 592 1086 684 πρὸς
1125 595 1161 666 τὸ

147 708 291 790 πλησίον
317 698 473 794 ὑπερῷον
492 698 655 771 ιἰνελθιόν.
693 700 765 772 εἶτα
784 705 926 771 ἐκεῖθεν·
956 697 1183 771 ιἰνεπέπτατοι

148 805 212 897 γὰρ
241 803 258 877 δ
287 823 408 896 τοῖχος·
441 807 676 897 προσεκύνησα
702 808 763 877 τὸν
790 813 869 876 Δία.
915 808 1100 896 γενομένης
1127 808 1161 878 δέ

148 919 195 982 ἔτι
223 919 371 1002 μείζονος
397 918 455 1003 της
482 916 566 1003 βοῆς
592 916 648 984 καὶ
674 915 943 1005 θορυβουμένων
970 913 1110 983 πάντων
1127 918 1160 984 ἐν

147 1035 218 1100 τοῖς
254 1027 454 1108 βασιλείοις,
495 1016 634 1109 ᾐτέομεν
669 1017 731 1091 τδν
770 1018 856 1090 θεδν
893 1023 1017 1089 δοῦναι
1057 1022 1161 1110 τέρας,

80 1139 86 1147 δ
148 1123 254 1216 αὐτὰρ
282 1124 301 1196 ὅ
328 1123 358 1212 μ’
389 1122 469 1215 ἡμῖν
497 1128 583 1208 δεῖξε
609 1127 666 1196 καὶ
683 1123 806 1215 ἡνιόχει
833 1129 1016 1215 πεισθῆναι
1044 1125 1160 1216 καὶμὴ

147 1236 476 1322 προσεναντιοῦσθαι
517 1235 579 1302 τοῦ
620 1235 864 1323 στρατοπέδου·
891 1235 933 1321 τῇ
977 1240 1196 1324 προθυμίην

104 1340 339 1426 Βγενομένων
366 1335 454 1426 ὅμως
482 1340 555 1426 ἐμοὶ
581 1340 638 1408 καὶ
665 1339 795 1410 τούτων
816 1341 899 1408 των·
913 1345 1073 1426 σημείων,
1102 1337 1162 1410 οόκ

148 1441 218 1525 είξα
246 1445 393 1531 ἑτοίμως,
420 1441 492 1513 ἀλλ’
523 1441 685 1533 ἀντέσχον
712 1450 759 1526 είς
778 1442 861 1515 ὅσον
888 1442 1082 1534 ἠδυνάμην,
1108 1447 1161 1515 καί

148 1546 226 1619 οὔτε
252 1548 314 1638 τὴν
345 1549 533 1639 πρόσρησιν
565 1548 642 1622 οὔτε
673 1550 734 1622 τὸν
765 1553 935 1639 στέφανον
966 1554 1160 1640 προσιέμην.
1210 1568 1215 1580 ·

148 1658 218 1725 ἐπεὶ
245 1655 283 1725 δὲ
311 1654 387 1726 οότε
419 1651 467 1739 εἷς
497 1661 565 1728 τῶν
592 1660 725 1727 πολλῶν
752 1654 932 1746 ἠδυνάμην
958 1672 1095 1747 κρατεῖν
1128 1661 1162 1727 οἵ

147 1789 182 1831 τε
209 1765 308 1832 τοῦτο
337 1762 538 1852 βουλόμενοι
564 1766 725 1852 γενέσθαι
751 1766 827 1833 θεοί
854 1762 934 1844 τοὺς
961 1765 1024 1852 μέν
1051 1754 1160 1854 παρά
1173 1786 1195 1829 ιι

148 1871 261 1955 ξονον,
289 1870 363 1958 ἐμοὶ
390 1869 427 1938 δδ
454 1876 597 1958 ἔθελγον
622 1866 685 1958 τὴν
703 1869 851 1959 γνώμην,
879 1873 951 1960 οὖρηι
973 1895 1042 1940 που
1070 1878 1161 1960 τρίτη

147 1973 268 2063 σχεδὸν
309 1973 371 2045 οὐκ
411 1975 489 2048 οίδα
530 1968 664 2057 οὗτινός
704 2005 760 2064 μοι
797 1973 1002 2066 στρατιάτον
1043 1976 1163 2058 δόντος

146 2082 313 2170 μανιάκην
349 2084 554 2172 περιεθέμην
589 2084 646 2153 καί
682 2074 792 2172 ἦλθον
834 2089 883 2165 είς
917 2081 958 2152 τδι
996 2090 1160 2171 βασίλεια,

15 2273 19 2279 ¹
78 2234 80 2239 ι
147 2192 291 2258 ἔνδοθεν
318 2184 375 2256 ἀπ’
406 2185 523 2277 αὐτῆς,
551 2185 596 2271 ως
623 2199 737 2260 ίσασιν
764 2193 800 2258 οί
822 2195 915 2276 θεοί,
947 2191 1077 2258 στένων
1103 2192 1161 2277 της

94 2298 299 2382 εῖσκαρδίας.
344 2298 453 2364 καίτοι
482 2299 568 2385 χρῆν
595 2295 770 2384 δήπουθεν
802 2295 1002 2365 πιστεύοντα
1028 2298 1077 2388 τῷ
1096 2295 1160 2384 φή-
1173 2327 1197 2366 ιι

147 2425 243 2468 ναντι
269 2401 339 2490 θεῷ
357 2397 395 2469 τὸ
412 2402 511 2489 τέρας
536 2412 691 2492 θαρρεῖν·
720 2397 792 2471 ἄλλ’
822 2399 1018 2491 ᾐσχυνόμην
1042 2405 1161 2484 δεινῶς

146 2506 202 2573 καὶ
233 2504 458 2593 κατεδυόμην,
491 2511 523 2576 εί
548 2507 680 2597 δόξαιμι
707 2506 751 2598 μη
784 2511 909 2589 πιστῶς
940 2505 1017 2596 άχρι
1043 2509 1161 2590 τέλους

145 2604 337 2680 ὑπακοῦσαι
367 2618 601 2706 Κωνσταντίω.
650 2617 774 2703 πολλῆς
806 2605 908 2702 (οὖν)
941 2610 1047 2701 οόσης
1083 2615 1159 2703 περί

145 2714 186 2785 τὰ
213 2723 364 2805 βασίλεια
382 2727 573 2848 κατηφείας,
599 2724 723 2790 τοῦτον
742 2717 848 2800 εὐθὺς
866 2725 902 2789 οί
916 2726 1159 2790 Κωνσταντίου

145 2829 239 2910 φίλοι
271 2822 332 2893 τὸν
363 2823 483 2914 καιρὸν
507 2822 663 2914 ἁρπάσαι
700 2827 938 2914 διανοηθέντες
974 2825 1159 2914 ἐπιβουλήν
1172 2854 1195 2896 ιι

96 2938 99 2940 ’
145 2957 202 3018 μοι
229 2929 415 3020 βάπτουσιν
442 2928 561 3002 αὐτίκα
579 2933 636 3001 καί
655 2934 826 3020 διένειμαν
846 2947 918 3013 τοῖς
944 2931 1161 3020 στρατιωταις

213 3165 281 3225 Ῑτδι
301 3173 362 3224 add
380 3175 407 3224 H
424 3180 452 3225 et
471 3174 537 3225 Cob
607 3169 684 3226 Βέιι
684 3170 777 3256 Pet]
797 3169 844 3227 έπλ
902 3168 1158 3257 4άναπαυοόμε

145 3257 194 3301 νος
215 3234 301 3306 Η]’
285 3236 510 3308 αναπανόμενος
595 3245 627 3294 8
641 3233 762 3309 ᾐτέομεν
790 3235 911 3309 eobst]
894 3237 1029 3326 ητεόμην.
1065 3243 1159 3295 Verba

144 3315 251 3363 sumta
257 3322 317 3360 οεεο
335 3325 369 3365 ex
388 3309 486 3376 Odyss
504 3327 534 3377 χ,
554 3314 602 3362 173
620 3310 742 3362 Cobetus
765 3311 850 3373 vidit,
871 3313 917 3376 qui
936 3309 1030 3392 φῆναι
1049 3324 1162 3395 quoquo

143 3377 208 3429 indo
227 3375 359 3455 scriptum
377 3377 437 3427 vult
454 3393 503 3444 pro
522 3377 642 3442 δοῦναι,
667 3378 731 3428 coll.
749 3396 774 3444 p
793 3381 880 3430 285A
965 3382 981 3430 ⁹
1004 3370 1067 3446 ὄχ’
1087 3373 1161 3445 ημῖν

145 3442 208 3508 δεῖξ
194 3444 224 3508 ξε
218 3432 314 3522 V]''
298 3460 313 3494 ο
322 3460 363 3560 χε
381 3436 453 3563 ἡμιν
471 3443 549 3508 δεῖξε
568 3418 672 3527 (ἔδειξε
690 3446 800 3511 spanh)
862 3449 893 3498 1³
911 3449 1073 3513 προσείμην
1091 3446 1158 3501 (Iob

120 3501 262 3562 ’14οότε
282 3509 339 3561 Oob
343 3503 452 3577 ]οόδδ
520 3516 554 3566 23
572 3501 626 3567 οὖν
644 3513 706 3566 add
725 3515 752 3563 H
