2414 3862
135 134 199 199 562
437 133 582 186 mmm
600 134 851 187 IMPERATORIS
906 106 910 112 ’

137 268 236 358 δρᾶτε
264 267 354 349 ὅπως
375 268 439 356 τὴν
460 267 624 358 ὑμετέραν
647 265 802 351 εὐταξίαν
825 268 887 338 οὐκ
909 267 975 340 ἀπὸ
1000 275 1063 358 τῆς
1087 271 1165 361 ὑμε·

136 379 233 463 τέρας
255 372 348 443 εἶναί·
365 396 448 462 φησι
471 374 622 462 γνῶμης,
650 378 744 460 οἵγε
766 373 917 462 ἀκοντες,
944 374 992 456 ῶς
1014 404 1055 465 γε
1081 377 1164 465 εἷπε,

83 484 316 569 438κατέχεσθε
345 481 401 550 διὰ
433 481 491 561 τὰς
518 480 623 550 αὐτοῦ
649 484 870 569 παραινέσεις.
918 481 965 563 ῶς
993 477 1062 553 οὖν
1090 513 1164 554 κατ-

138 589 265 677 ήγορον
288 585 385 677 ὑμῶν
408 588 539 668 ἑκόντες
560 615 619 675 της
640 587 768 668 πόλεως
791 587 943 674 διῶξατε,
976 589 1018 659 τὰ
1042 592 1163 680 πλήθη

139 696 176 763 δὲ
199 692 370 782 ὁμονοείτε
392 692 477 782 πρὸς
498 690 678 782 ἀλλήλους,
700 695 756 761 καὶ
778 696 895 782 μηδεὶς
918 697 1184 767 έυαντιούσθωι

138 800 223 888 μηδὲ
245 797 413 868 ἀδικείτω·
438 796 520 888 μήθ’
546 804 583 868 οί
602 802 849 887 πεπλανημένοι
871 786 945 880 τοῖς
965 799 1085 889 ὀρθῶς
1108 805 1162 872 καί

139 910 276 985 δικαίως
302 905 381 985 τοὺς
407 904 511 985 θεοὺς
537 905 765 992 θεραπεύουσι
792 904 874 974 κατὰ
902 905 942 974 τὰ
973 909 1006 989 έξ
1036 912 1162 988 αἰῶνος

93 1009 220 1100 ιοιὴμῐν
251 1015 523 1100 παραδεδομένα,
559 1009 641 1099 μήθ’
672 1017 708 1081 οί
736 1002 940 1100 θεραπευταί
967 1018 1040 1082 τῶν
1069 1021 1159 1085 θεῶν

139 1125 344 1205 λυμαίνεσθε
378 1133 451 1199 ταῖς
488 1123 607 1199 οἰκίαις
642 1114 663 1205 ἢ
702 1119 893 1202 διαρπάζετε
928 1123 999 1188 τῶν
1037 1119 1158 1214 ἀγνοίᾳ

96 1229 266 1311 Βμῖιλλον
294 1221 314 1311 ἢ
342 1224 455 1312 γνῶμη
468 1226 755 1312 πεπλανημένων.
800 1224 888 1317 λόγῳ
913 1225 950 1294 δέ
974 1234 1157 1298 πείθεσθαι
1169 1252 1189 1292 1⁰

139 1330 201 1419 χρὴ
237 1331 293 1397 καὶ
331 1329 551 1398 διδάσκεσθαι
582 1329 662 1410 τοὺς
688 1328 905 1419 ἀνθρώπους,
943 1332 988 1402 οὐ
1016 1344 1157 1423 πληγαῖς

140 1434 219 1506 οὐδὲ
249 1434 387 1524 ὕβρεσιν
415 1433 496 1504 οὐδὲ
523 1441 665 1528 αίκισμῷ
693 1440 755 1506 τοῦ
781 1437 940 1526 σώματος.
989 1433 1096 1522 αὖθις
1123 1442 1155 1510 δὲ

139 1545 194 1612 καί
217 1543 374 1624 πολλάκις
396 1546 548 1630 παραινῶ
571 1557 640 1624 τοῖς
663 1544 715 1611 ἐπὶ
738 1543 800 1631 τὴν
823 1542 934 1633 ἀληθῆ
956 1549 1154 1634 θεοσέβειαν

139 1648 346 1738 ὁρμωμένοις
372 1650 479 1736 μηδὲν
506 1646 636 1717 ἀδικεῖν
658 1653 726 1717 τῶν
749 1654 938 1718 Γαλιλαίων
961 1653 1003 1720 τὰ
1031 1654 1153 1742 πλήθη,

138 1757 222 1845 μηδὲ
256 1759 467 1825 ἐπιτίθεσθαι
498 1754 582 1842 μηδὲ
615 1751 762 1844 ὑβρίζειν
794 1760 842 1835 είς
871 1753 1005 1838 αὐτούς.
1055 1763 1181 1829 έλεεῑνιι

140 1864 177 1932 δὲ
200 1861 262 1951 χρὴ
285 1866 414 1950 μᾶλλον
436 1858 457 1949 ἢ
480 1874 592 1948 μισεῖν
614 1859 693 1940 τοὺς
714 1861 765 1929 ἐπὶ
784 1876 854 1942 τοϊς
871 1869 1042 1950 μεγίστοις
1060 1867 1151 1957 πράτ·

100 1981 258 2049 Οτοντας
283 1972 405 2048 κακῶς·
442 1968 600 2054 μέγιστον
625 1963 690 2054 γὰρ
717 1970 786 2035 τῶν
812 1973 925 2038 καλῶν
951 1968 998 2051 ῶς
1021 1969 1152 2061 ἀληθῶς

139 2073 161 2162 ἡ
184 2077 370 2162 θεοσέβεια,
396 2074 451 2142 καὶ
473 2068 675 2141 τούναντίον
697 2077 773 2141 τῶν
787 2078 899 2143 κακῶν
922 2073 943 2163 ἡ
969 2081 1151 2166 δυσσέβεια.

140 2186 316 2270 συμβαίνει
344 2181 382 2248 δὲ
409 2176 515 2269 (τοὺς)
542 2174 607 2248 ἀπὸ
636 2181 729 2247 θεῶν
756 2180 808 2248 ἐπὶ
835 2180 914 2262 τοὺς
936 2185 1081 2274 νεκροὺς
1102 2186 1152 2255 καί

139 2288 179 2356 τὰ
215 2294 357 2369 λείψανα
393 2285 718 2373 μετατετραμμένους
748 2289 873 2374 ταύτηνΙ
905 2289 1063 2361 ἀποτῖσαι
1096 2292 1179 2381 τὴνιι

141 2400 267 2481 ζημίαν.
313 2388 434 2470 ....ῶς
459 2404 530 2469 τοῖς
556 2389 618 2477 μὲν
634 2392 855 2477 ..ἐνεχομένοις
877 2395 944 2461 τινὶ
968 2402 1151 2486 συναλγοῦ-

139 2526 216 2588 μεν,
251 2514 321 2578 τοῖς
353 2497 390 2566 δέ
422 2493 663 2583 ἀπολυομένοις
689 2498 745 2565 καὶ
773 2494 965 2586 ἀφιεμένοις
993 2500 1061 2572 ὑπὸ
1089 2509 1150 2574 τῶν

139 2610 232 2675 θεῶν
254 2603 482 2692 συνηδόμεθα.
1159 2626 1165 2635 “

225 2711 348 2799 Ἐδόθη
378 2713 418 2799 τῇ
446 2711 514 2776 τῶν
542 2712 733 2777 Καλανδῶν
760 2706 961 2796 Αὐγούστου
990 2716 1028 2784 ἐν
1054 2715 1150 2788 Ἀντι-

140 2829 240 2912 οχείηι.
1160 2841 1179 2884 ιι

207 3083 223 3132 3
241 3076 413 3144 κατείχεοθε
432 3074 496 3127 Rsk.
548 3077 564 3124 6
583 3065 839 3142 μήθ’],,,2ὀτιεεεο
856 3075 906 3129 καὶ
946 3071 1001 3144 ἦθ’
1020 3083 1066 3134 vel
1083 3074 1148 3149 μήτε

140 3143 203 3199 w
221 3148 306 3199 Hreh.
368 3148 399 3195 10
417 3136 532 3210 γνώμην
550 3144 588 3193 Pe
605 3149 683 3193 mart.
738 3146 768 3194 12
788 3138 820 3195 δὲ
839 3146 921 3196 Hreh.
954 3163 986 3199 τε
1041 3152 1074 3200 16
1092 3142 1146 3213 dd]

139 3216 214 3266 Fort,
234 3207 265 3266 έν
282 3214 414 3266 ut42213
451 3214 482 3263 19
500 3200 568 3268 τούς
586 3210 692 3261 addidit
711 3209 889 3276 spanhemius
907 3215 1022 3280 expleta
1040 3217 1147 3280 lacuna,

140 3299 209 3350 quae
229 3286 271 3334 est
290 3287 317 3331 et
335 3281 364 3329 in
382 3281 422 3359 Ρρ
440 3284 467 3329 et
484 3280 610 3360 idmart.
630 3285 685 3343 pet.
752 3281 786 3331 20
802 3271 940 3332 ἀποτῖσαι
959 3282 1061 3364 {iduh}
1082 3277 1147 3365 ἀπο-

138 3351 240 3481 ἑλῖιῖἒι
260 3347 1051 3482 {fflsssfflfedudfflffl'vdffffumd'k¹32¹}
1067 3368 1148 3470 ddi?

139 3483 221 3550 ογείηι
240 3479 355 3548 Heyler]
372 3473 512 3554 Ἀντιοχίηι
