2408 3856
134 176 177 240 66
437 176 581 228 IULIANI
603 175 851 226 IMPERATORIS

135 303 196 373 τὸν
222 307 371 373 πλοῦτον
397 304 454 372 καὶ
481 302 699 389 θαυμαστέον
726 321 789 369 σου
816 301 880 390 τὴν
907 301 1073 391 χλαμύδα
1088 301 1151 385 ξύν

135 413 176 499 τῇ
206 410 334 500 πόρπη,
375 405 396 477 ἃ
429 407 471 496 δη
512 409 568 476 καὶ
595 403 727 499 Ὁμήρῳ
769 406 947 498 διατριβὴν
986 410 1151 498 παρέσχεν

135 512 268 604 ἡδεῖαν;
297 513 399 600 λόγου
418 541 452 583 τε
471 511 628 595 ἀξιωτέον
654 516 782 582 πολλοῦ
804 512 864 594 τὰς
885 513 998 605 Τρωὸς
1016 518 1151 605 ἵππους,
1196 540 1198 544 ·

136 629 175 691 αλ
198 628 374 712 τρισχίλιαι
402 612 502 690 οὖσαι

5 839 7 841 ¹
96 765 117 821 0
217 748 291 827 ἕλος
317 745 400 814 κότα
428 745 661 832 βουκολέοντο,
1189 780 1198 863 ss«

136 871 192 940 καὶ
219 866 259 938 τό
287 869 397 959 φώρια
425 865 465 936 τὰ
493 869 666 949 ἐντεύθεν;
694 860 814 955 ἢτούς
834 873 1002 957 Θρηικίους
1029 872 1152 950 ἵππους

136 972 393 1064 εύλαβησόμεθα
425 975 641 1063 λευκοτέρους
672 972 734 1059 μέν
765 975 823 1060 τῆς
849 972 976 1061 χιόνος,
1008 985 1087 1043 θεῖν
1114 974 1152 1043 δέ
1189 985 1200 1075 ι

137 1080 326 1171 ὠκυτέρους
353 1084 422 1149 τῶν
448 1085 623 1169 χειμερίου
650 1077 860 1166 πνευμάτων,
887 1081 943 1148 καὶ
965 1078 1006 1148 τὰ
1025 1082 1063 1149 ἐν
1090 1077 1150 1148 αύ-

135 1203 206 1270 τοῖς
242 1186 386 1278 όρματα;
427 1187 484 1255 καὶ
520 1187 639 1273 ἔχομέν
675 1204 712 1253 σε
749 1186 786 1252 ἐν
821 1184 955 1267 τούτοις
991 1189 1151 1274 ἐπαινεῖν,
1189 1230 1191 1236 -

137 1300 249 1364 οίκίαν
280 1319 315 1360 τε
348 1289 440 1379 οἶμαι
471 1288 534 1378 την
563 1287 717 1359 Ἀλκίνου
749 1291 805 1358 καὶ
832 1288 872 1359 τόι
904 1296 966 1361 τού
993 1295 1151 1362 Μενέλεω
1165 1313 1204 1426 ιιι

136 1398 273 1487 δόματα
314 1396 589 1484 καταπληξόμενα
629 1399 685 1466 καὶ
729 1394 790 1465 τὸν
830 1400 892 1466 τοῦ
936 1399 1153 1489 πολύφρονος
1189 1456 1203 1505 η

134 1502 320 1586 Ὀδυσσέως
355 1509 460 1572 παῖδα
496 1504 552 1585 καὶ
588 1506 728 1572 τοιαῦτα
768 1509 883 1592 ληρεῖν
925 1501 1152 1574 ἀναπείσαντα

92 1627 206 1694 Βτοῖς
233 1625 306 1692 σοῖς
333 1615 539 1700 παραβαλεῖν
566 1606 764 1698 ιἰξιύσομεν,
791 1608 934 1697 μήποτε
961 1608 1032 1700 όίρα
1056 1617 1151 1680 ἔλασ-
1194 1602 1204 1608 “

137 1739 200 1787 σον
227 1723 315 1806 ἔχειν
334 1720 371 1786 ἐν
393 1715 526 1796 τούτοις
553 1719 664 1805 δοκῇς,
692 1716 747 1784 καὶ
775 1712 839 1785 ούκ
865 1712 1071 1806 ἀπωσόμεθα
1090 1715 1153 1805 τὴν
1202 1779 1204 1786 ι

137 1829 321 1914 φλυαρίαν;
359 1818 430 1891 ἀλλ’
467 1818 530 1912 ὅρα
566 1822 611 1910 μη
648 1849 698 1903 τις
728 1818 814 1911 ἡμᾶς
849 1830 1065 1912 μικρολογίας
1096 1824 1153 1893 καὶ
1166 1841 1202 1891 1⁶<

137 1927 285 2020 ἀμαθίας
315 1933 384 1998 τῶν
411 1925 548 2016 ἀληθῶς
574 1932 686 1998 καλῶν
720 1927 933 2018 γραψάμενος
960 1932 1026 2018 ἕλη.
1073 1927 1152 1999 οὐκ·

138 2041 200 2107 οὖν
233 2035 380 2124 ἀφέντας
406 2034 468 2126 χρὴ
496 2048 567 2116 τοῖς
589 2031 785 2126 Ὁμηρίδαις
811 2033 852 2103 τὰ
879 2039 1019 2104 τοιαῦτα
1046 2045 1152 2106 πολυ-
1197 2024 1203 2044 ⁵

135 2158 342 2233 πραγμονεῖν
375 2144 428 2211 ἐπὶ
464 2140 504 2209 τὰ
540 2141 671 2210 τούτων
703 2142 868 2231 ἐγγυτέρω
901 2140 986 2231 πρὸς
1018 2139 1153 2232 ἀρετήν,

137 2251 193 2318 καὶ
225 2241 274 2317 τόν
305 2255 438 2336 μείζονα
470 2261 562 2314 ποιεῖ
590 2247 818 2336 προμήθειαν,
856 2248 1008 2336 σώματος
1040 2248 1154 2337 ῥύμης

77 2379 81 2384 ·
136 2355 192 2423 καὶ
218 2356 277 2440 τῆς
304 2354 341 2420 ἐν
367 2365 438 2432 τοῖς
464 2349 579 2432 ὅπλοις
602 2354 781 2443 ἐμπειρίας,
808 2353 1030 2445 θαρρούντως
1058 2357 1154 2424 ίέναι.
1167 2375 1202 2414 ²⁰·

137 2465 203 2528 τίνι
231 2459 353 2546 δήποτε
380 2449 444 2526 οὖν
470 2460 539 2526 τῶν
566 2454 632 2528 ύπό
651 2463 710 2549 τῆς
725 2456 903 2551 Ὁμηρικῆς
929 2456 1154 2550 ύμνουμένων

84 2591 118 2639 53
138 2568 292 2654 σειρῆνος
320 2566 463 2653 είξομεν;
497 2569 566 2632 ἔστι
593 2564 655 2653 μέν
686 2565 751 2655 γὰρ
783 2567 920 2655 τοξότης
950 2563 1030 2656 παρ’
1061 2565 1153 2658 αύτῷ

137 2670 328 2761 Πάνδαρος,
355 2667 441 2759 ἀνὴρ
470 2668 606 2752 όπιστος
632 2674 688 2741 καὶ
715 2673 895 2763 χρημάτων
921 2670 1041 2762 ἥττων,
1070 2670 1154 2743 ἀλλὰ

137 2779 193 2846 καὶ
221 2773 369 2865 ἀσθενὴς
395 2775 457 2864 την
484 2792 577 2867 χεῖρα
595 2780 650 2847 καὶ
680 2774 816 2867 ὁπλίτης
844 2782 984 2867 φαῦλος,
1007 2778 1154 2868 Τεῦκρός

136 2912 171 2953 τε
199 2881 250 2953 ἐπ’
281 2880 371 2975 αὐτῷ
398 2884 454 2952 καὶ
473 2884 660 2973 Μηριόνης,
688 2879 788 2973 ὁμέν
816 2888 869 2954 ἐπὶ
896 2889 954 2974 τῆς
980 2885 1155 2967 πελειάδος
1167 2901 1201 2946 ²⁵

206 3134 293 3206 1ξύν
311 3136 382 3206 VM]
402 3131 456 3192 σύν
525 3136 702 3207 ῖπαρέσγεν
720 3140 754 3208 V]
772 3137 917 3209 παρέσχον
977 3138 1046 3194 4αἳ
1064 3140 1101 3207 V]
1121 3135 1156 3193 αέ

137 3210 153 3259 5
171 3203 246 3260 κότα
265 3203 455 3274 βουκολέοντο
466 3208 491 3259 V
505 3213 532 3258 et
543 3207 625 3258 Iliad.
637 3225 664 3271 v,
676 3207 737 3274 221]
755 3205 830 3261 κατὰ
849 3207 1039 3277 βουκολέοντο
1057 3208 1155 3275 (κατα-

137 3273 324 3341 βουκυλέοντο
342 3273 381 3342 Μ)
438 3277 453 3324 6
472 3267 568 3340 φύρια
585 3273 620 3342 V]
639 3268 730 3342 φόρια
750 3275 754 3340 Ι
774 3276 928 3343 θρανίτης
935 3275 972 3344 V]
992 3276 1154 3344 Θρᾳκείους

136 3345 153 3394 8
171 3336 212 3410 ἐν]
232 3335 357 3394 ἐπ’·Ρει.
424 3345 441 3420 β
463 3338 577 3410 ἔχομεν]
601 3335 655 3408 ούχ
673 3339 689 3396 ὁ
707 3341 760 3411 μέν
778 3345 816 3410 V,
841 3337 894 3397 ούιι
917 3337 1038 3410 ἐιόμενοι
1059 3346 1154 3395 Bruno

137 3410 297 3488 IJriederich
368 3413 399 3461 10
416 3411 538 3462 αλκίνου
556 3407 593 3478 V]
612 3401 761 3464 Ἀλκινόον
832 3415 860 3463 11
880 3406 932 3490 την
954 3429 1006 3467 om.
1026 3413 1051 3463 V
1122 3413 1154 3462 12

138 3476 347 3542 αναπείταντα]
365 3477 589 3542 παραπείσαντα
602 3482 629 3530 Μ
647 3485 720 3531 cant.
735 3485 792 3545 μοι.
846 3483 878 3532 16
895 3496 956 3546 ωρα
968 3477 1002 3546 V]
1021 3470 1117 3546 Ιόμᾶς
1129 3479 1154 3529 V

121 3545 163 3592 25
179 3539 325 3604 πελιοίδος
346 3546 370 3595 V
