2416 3864
137 139 200 204 ‘298
285 147 293 166 ’
439 139 584 193 mmm
601 139 852 193 mpssmoms

138 270 309 357 σπινθῆρα
336 265 457 357 μικρὸν
475 268 554 349 ἐξ
537 269 670 353 εαυτοῦ,
696 265 802 336 καὶ
770 294 807 337 το
828 268 1033 337 ἐντεῦθεν”
1014 295 1155 425 ετρεφεν

138 376 244 442 ἐκεῖνο
271 370 309 442 τὸ
337 379 490 461 παιδίον,
518 370 688 461 ἐξαγαγὼν

271 493 371 566 ἐκθ’
402 501 540 586 αἵματος
568 503 604 566 ἐκ
630 524 666 566 τε
692 499 859 586 κυδοιμοῦ

84 630 137 681 230
210 600 275 673 Ἕπ
300 600 330 671 τ’
361 600 611 694 άνᾶροκτασίης.

138 724 156 799 ὁ
184 725 291 817 πατήρ
325 726 362 795 δέ
394 721 412 795 ό
442 725 527 808 Ζεύς
559 730 708 797 ἐκέλευσε
740 728 796 796 καὶ
828 724 890 814 τήν
914 722 1064 815 ’Λθηνᾶν
1091 727 1179 816 τήνι

139 833 298 922 άμήτορα,
325 831 388 921 τήν
414 834 589 922 παρθένον
616 832 683 922 ἅμα
710 836 756 925 τῷ
780 828 880 924 Ἡλίω
907 829 945 901 τό
972 834 1154 923 παιδάριον

139 941 319 1030 ἐκτρέφειν.
365 941 437 1008 ἐπεὶ
463 940 500 1014 δέ
527 941 655 1031 ἐτράφη
682 941 738 1009 καὶ
765 945 901 1020 νεανίας
929 941 1059 1025 ἐγένετο
1090 968 1093 969 ’

218 1066 362 1153 Πρῶτον
389 1059 570 1152 ῦπηνήτης,
597 1066 720 1152 τοῦπερ
748 1062 942 1152 χαριεστάτη
970 1061 1047 1152 ήβη,

139 1187 348 1276 κατανοήσας
378 1189 446 1256 τῶν
477 1190 591 1258 κακῶν
622 1186 655 1255 τό
689 1189 833 1281 πλῆθος,
866 1183 993 1258 ὁπόσον
1020 1214 1052 1257 τι
1080 1189 1156 1277 περὶ

139 1292 218 1374 τοὺς
255 1296 424 1378 ξυγγενεῖς
460 1290 566 1362 αύτοῦ
599 1294 654 1361 καὶ
686 1290 766 1374 τοὺς
800 1290 963 1375 άνεψίονς
995 1293 1153 1383 ἐγεγόνει,
1168 1313 1188 1354 11

140 1401 254 1486 ἐδέησε
286 1398 347 1488 μὲν
380 1393 485 1467 αὑτὸν
517 1404 564 1480 είς
590 1396 651 1469 τὸν
677 1398 843 1490 τάρταρον
875 1401 1039 1488 προέσθαι
1071 1398 1156 1488 πρὸς

99 1503 178 1574 Βτὸ
215 1506 358 1592 μέγεθος
392 1508 461 1579 τῶν
496 1507 609 1579 κακῶν
646 1507 830 1591 ἐκπλαγείς·
868 1507 941 1573 ἐπεὶ,
974 1504 1012 1573 δέ
1040 1492 1156 1587 Ἥλιος

140 1608 280 1700 εὐμενής
308 1605 357 1678 ῶν
384 1609 464 1699 μετά
491 1614 549 1699 τής
577 1618 747 1700 Προνοίας
770 1609 917 1705 Ἀθηνᾶς
942 1608 1053 1680 ῦπνον
1080 1611 1155 1680 τινά

140 1719 195 1788 καὶ
227 1717 333 1805 κάρον
365 1715 518 1806 ἐμβαλῶν
549 1720 608 1805 τῆς
639 1720 788 1798 ἐπινοίας
818 1717 940 1804 ταύτης
972 1714 1155 1813 ἀπήγαγεν,

141 1816 242 1904 αὖθις
269 1819 462 1913 άνεγερθεὶς
489 1821 622 1893 άπεισιν
650 1829 697 1904 είς
724 1825 873 1913 ἐρημίαν.
915 1821 984 1892 εἶτα
1013 1825 1084 1899 ἐκεῖ
1107 1831 1154 1893 λί-
1168 1841 1186 1883 1⁵

138 1941 208 2000 θον
235 1927 310 1998 τινά
338 1926 448 2020 εύρῶν
475 1928 595 2021 μικρὸν
623 1927 833 2021 ἀνεπαύσατο
856 1929 913 1998 καὶ
939 1927 1023 2023 πρὸς
1051 1925 1156 1999 αὑτὸν

140 2037 283 2122 ἐσκόπει,
311 2042 387 2105 τίνα
404 2037 531 2126 τρόπον
549 2035 741 2123 ἐκφεύξεται
758 2038 827 2104 τῶν
845 2034 1017 2106 τοσούτων
1044 2039 1156 2104 κακῶν

140 2141 178 2212 τό
207 2144 362 2230 μέγεθος·
390 2140 456 2231 ήδη
475 2141 539 2229 γάρ
567 2138 658 2235 αύτῷ
677 2141 786 2210 πάντα
805 2143 960 2229 ἐφαίνετο
989 2141 1155 2230 μοχθηρά,

101 2258 123 2314 0
141 2248 247 2319 καλὸν
266 2248 303 2316 δὲ
322 2244 424 2317 οὐδὲν
452 2245 606 2339 οὐδαμοῦ
623 2250 712 2328 τέως.
745 2243 865 2337 Ἐρμῆς
885 2238 947 2315 οῦν
966 2244 1072 2339 αύτῷ·
1101 2248 1154 2316 καὶ

141 2355 205 2443 γάρ
243 2352 331 2442 εἶχεν
372 2360 500 2435 οίκείως
541 2352 625 2443 πρὸς
666 2351 786 2423 αὐτόν·
829 2350 940 2435 ῶσπερ
980 2347 1187 2442 ήλικιῶτηςθ

141 2466 317 2540 νεανίσκος
335 2462 454 2547 φανεὶς
472 2456 644 2548 ήσπάσατό
663 2486 698 2528 τε
716 2458 933 2549 φιλοφρόνως
950 2465 1017 2545 καί,
1032 2462 1156 2548 Δεῦρο,

142 2563 244 2651 εἶπεν,
271 2561 405 2654 ήγεμάν
433 2586 487 2635 σοι
514 2564 579 2652 ε’γῶ
599 2572 715 2653 ἔσομαι
741 2571 832 2646 λείας
854 2565 910 2633 καὶ
938 2559 1157 2654 ὁμαλεστέρας

143 2668 229 2740 ὁδοῦ
256 2673 350 2742 τουτὶ
372 2670 410 2741 τὸ
429 2670 549 2761 μικρὸν
576 2667 759 2761 ὑπερβάντι
780 2669 818 2757 τὸ
838 2669 974 2741 σκολιὸν
1001 2671 1058 2739 καὶ
1077 2668 1156 2745 άπό-

141 2804 246 2865 τομον
281 2784 420 2868 χωρίον,
458 2770 500 2849 οὗ
530 2777 657 2860 πάντας
689 2773 769 2869 ὁρᾷς
800 2783 1067 2866 προσπταίοντας
1103 2777 1156 2846 καὶ

210 2964 326 3021 aniad
345 2968 369 3028 λ,
390 2969 438 3018 164
457 2964 462 3031 l
484 2962 515 3018 ἐκ
533 2982 563 3017 τε
582 2964 705 3031 αἵματος
723 2967 746 3013 V
814 2964 934 3018 suiad.
952 2981 988 3023 ω,
1005 2966 1057 3014 348
1128 2965 1154 3012 11

143 3027 298 3101 ἐδέησε],
302 3005 400 3109 ,Deosgt
428 3032 552 3116 μικροῦ.ι
556 3032 654 3084 ‘Pet.
694 3035 731 3084 At
758 3033 884 3084 Iulianus
918 3047 1075 3096 quanquam
1111 3030 1156 3081 ali-

143 3104 252 3167 quoties
279 3097 384 3167 μικροῦ
409 3102 457 3153 vel
483 3095 582 3166 ὀλίγον
609 3097 666 3151 θέω
692 3100 776 3164 dixit,
803 3107 835 3150 ut
861 3099 930 3151 17])
958 3099 1042 3149 121A
1070 3098 1154 3149 2821)

143 3169 227 3223 3100
252 3171 338 3220 324ss
362 3171 411 3221 35⁷
423 3169 449 3248 D
471 3168 570 3250 4140,
593 3168 731 3219 interdum
754 3173 848 3220 tamen
867 3167 963 3229 etiam,
986 3171 1017 3216 ut
1036 3165 1153 3216 Cobetus

144 3238 313 3298 observavit,
342 3235 448 3302 μικροῦ
470 3237 515 3288 vel
539 3206 640 3303 ὀλίγον
670 3237 699 3285 in
727 3235 782 3286 hae
811 3235 952 3286 locutione
983 3234 1103 3293 omittit
1127 3235 1153 3279 ut

143 3304 231 3354 242D
256 3309 283 3354 ο1
305 3255 827 3369 1411),ηιιοᾱιιῑοάροοηιιιωοωε
851 3297 1152 3355 ᾱοοεω1Ι.ΒοΙιΙιοτοε

144 3370 602 3452 (λρκιεν.Βίοε11ετρ.2’87)ο.1Μ
614 3371 755 3436 Hauptms
774 3370 904 3434 (Hermae
916 3369 979 3421 Vol
991 3368 1074 3434 lvp.
1087 3359 1149 3448 3011

145 3431 234 3490 αὐτόν
253 3437 287 3504 V]
308 3431 398 3491 αύτόν
485 3443 517 3492 13
535 3431 641 3501 ύπνον]
658 3440 773 3493 Lacuna
790 3439 881 3491 estin
898 3441 954 3502 pet.
1044 3437 1075 3488 15
1094 3425 1150 3483 άνε·

140 3502 262 3570 γερθελς
280 3522 331 3560 om
350 3512 407 3573 pet.
