2416 3864
460 130 606 184 4οειευεο
625 134 687 185 vn.
958 119 959 124 ’
1015 134 1078 199 233

58 285 130 328 των
158 259 227 327 ἐστὶ
253 259 294 327 τύ
321 287 358 346 γε
385 262 452 328 νῦν
479 260 614 348 ῥητέον,
648 256 720 327 ἀλλ’
751 256 836 349 ύπδρ
869 266 984 349 δυοῖν,
1016 266 1078 333 τού

58 391 95 434 τε
124 367 250 452 σεμνοῦ
281 363 365 435 κατὰ
392 364 454 453 τῆν
482 366 638 435 διάνοιαν
669 368 725 434 καὶ
752 369 815 434 τοῦ
848 363 1112 455 ἄπεμφαίυου-Ο

59 498 125 552 τος.
171 470 211 539 τὰ
239 471 278 540 δὲ
305 468 390 540 αύτόι
417 475 521 540 ταῦτα
549 473 604 540 καὶ
632 473 707 562 περὶ
734 470 798 559 τῆν
824 474 914 554 λέξιν
941 481 1077 560 γίνεται.

59 580 251 667 μορφοῦται
279 577 343 667 γάρ
375 603 445 659 πως
472 579 528 647 καὶ
561 583 787 665 σχηματίζεται
819 577 909 668 παρὰ
936 583 1005 649 τῶν
1031 579 1076 669 μῆ

30 685 325 774 επροφερομέυων
352 687 424 773 είκῆ
443 681 522 772 μηδ’
553 680 664 773 ῶσπερ
683 684 882 774 χειμάρρους
910 686 1076 755 ἑλκόντων

60 789 251 878 συρφετοὺς
278 790 435 879 ῥημάτων
454 793 490 860 ἐκ
507 793 566 878 τῆς
592 789 744 878 τριόδου·
773 788 856 859 ἀλλὰ
874 806 949 860 τοῖν
976 798 1076 861 δυοῖν

56 896 204 982 τούτοιν,
232 893 315 965 ὅταν
342 896 403 984 μὲν
421 883 504 986 ὑπὲρ
523 899 591 964 τῶν
614 901 721 964 θείων
747 897 951 986 πλάττωμεν,
971 898 1076 986 σεμνὰ

58 1001 121 1092 χρῆ
158 1002 249 1071 πάνυ
281 997 344 1071 τόδ
359 1002 489 1092 ῥῆματα
521 1000 608 1070 εἶναι
638 1003 696 1071 καὶ
727 1000 790 1089 τῆν
820 1006 910 1084 λέξιν
948 1000 992 1085 ῶς
1016 1011 1075 1073 νέυι

57 1109 200 1196 μάλιστα
228 1108 391 1197 σῶφρονα
423 1110 479 1177 καὶ
506 1107 612 1196 καλῆν
639 1109 695 1177 καὶ
722 1123 792 1191 τοῖς
818 1120 913 1191 θεοῖς
944 1137 1075 1197 πρεπω-

19 1247 46 1286 10
60 1213 238 1302 δεσπότην,
265 1218 334 1283 τῶν
362 1217 509 1305 αίσχρῶυ
537 1214 574 1284 δὲ
600 1213 707 1303 μηδὲν
734 1215 790 1284 καὶ
818 1216 1027 1305 βλασφήμου
1054 1213 1118 1304 ῆΙ)

58 1323 248 1408 δυσσεβῶν,
276 1317 366 1401 ὅπως
384 1319 428 1408 μῆ
446 1324 493 1413 τῶ
521 1320 642 1409 πλῆθει
665 1323 723 1408 τῆς
749 1322 906 1410 τοιαύτης
933 1319 1074 1412 ἀρχηγοὶ

57 1426 270 1515 θρασύτητος
296 1426 484 1515 γενοίμεθα,
511 1430 639 1515 μᾶλλον
667 1425 704 1494 δὲ
727 1429 783 1496 καὶ
810 1426 876 1517 πρό
903 1432 966 1498 τοῦ
993 1430 1074 1518 πλῆ-

56 1544 146 1614 θους
177 1529 275 1602 αὐτοὶ
306 1531 344 1601 τὸ
372 1535 447 1622 περὶ
479 1530 560 1614 τοὺς
590 1530 694 1613 θεούς
720 1530 919 1622 ἠσεβηκέναι
950 1535 1073 1624 προλύ·

57 1645 179 1727 βωμευ.
226 1636 328 1708 οὐδὲν
356 1630 449 1729 (οὖν)
478 1635 691 1726 ιἰττεμφαῖυου
718 1637 806 1707 εἶναι
831 1639 894 1729 χρῆ
922 1643 998 1728 περὶ
1016 1639 1075 1722 τὰς

15 1775 43 1817 15
57 1744 215 1826 τοιαύτας
251 1746 367 1832 λέξεις,
405 1741 488 1814 ιἰλλδι
520 1743 625 1831 σεμνδι
660 1743 770 1813 πάντα
805 1747 862 1813 καὶ
893 1745 979 1815 καλὰ
1016 1748 1073 1815 καὶ

58 1854 290 1940 μεγαλοπρεπῆ
318 1851 375 1920 καὶ
392 1861 471 1919 θεῖα
498 1852 553 1920 καὶ
572 1848 706 1939 καθαρὰ
733 1851 868 1938 καὶτῆς
894 1855 963 1920 τῶν
980 1856 1074 1921 θεῶν

58 1952 177 2038 οὐσίας
208 1963 255 2037 είς
292 1957 439 2044 δύναμιν
475 1959 716 2044 ε’στοχασμένα·
748 1954 786 2026 τὸ
820 1956 858 2024 δὲ
889 1955 972 2025 κατδι
1004 1957 1124 2045 that-219

57 2063 213 2132 διάνοιαν
241 2060 454 2150 όιπεμφαῖνον
482 2061 571 2152 (τοῦ)
598 2068 763 2152 χρησίμου
787 2062 988 2150 γιγνόμενον
1015 2063 1073 2150 χύ-

56 2196 112 2257 ριν
140 2169 324 2258 ἐγκριτέον,
357 2165 402 2250 ῶς
433 2165 476 2237 όιυ
503 2169 548 2256 μῆ
575 2196 669 2250 τινος
701 2164 920 2257 ὑπομνήσεως
947 2171 1074 2250 ἔξωθεν

12 2308 41 2348 εο
56 2279 92 2345 οί
116 2273 296 2364 ἅνθρωποι
323 2275 492 2363 δεόμενοι,
520 2271 592 2343 ἀλλ’
622 2270 689 2344 ὑπὸ
708 2277 776 2344 τῶν
800 2277 837 2344 έν
859 2272 951 2368 αύτῷ
979 2284 1072 2361 λεγο·

55 2383 169 2469 μένων
195 2385 242 2472 τῶ
270 2381 370 2473 μύθῳ
399 2380 636 2469 διδασκόμενοι
668 2379 706 2451 τό
734 2382 911 2451 λανθάνον
937 2385 1073 2470 μῶσθαι

54 2489 112 2556 καὶ
138 2494 434 2577 πολυπραγμονεῖν
461 2483 523 2575 ὑφ’
553 2482 691 2575 ἡγεμόσι
718 2501 788 2568 τοῖς
820 2499 915 2569 θεοῖς
941 2499 1072 2578 προθυ-

55 2604 206 2681 μηθεῖεν.
254 2596 332 2662 ίδοῦ
360 2590 425 2681 γόιρ
454 2599 558 2681 ἔγωγε
584 2597 720 2663 πολλῶν
747 2591 878 2681 ῆκονσα
904 2594 1074 2680 λεγόντων

55 2696 244 2789 ἄνθρωπον
275 2699 336 2787 μὲν
366 2697 427 2769 τὸν
459 2699 652 2785 Διόνυσον,
690 2702 820 2786 ἐπείπερ
858 2703 893 2769 ἐκ
925 2702 1074 2787 Σεμέλης

11 2836 41 2876 τε
57 2807 208 2892 ἐγένετο,
249 2804 334 2875 θεὸν
376 2804 414 2874 δὲ
455 2804 511 2875 διδι
555 2811 739 2895 θεουργίας
779 2807 835 2873 καὶ
875 2808 1112 2891 τελεστικῆς,Β

57 2909 168 3000 ῶσπερ
204 2909 264 2980 τὸν
301 2911 467 2999 δεσπότην
500 2907 662 3000 Ἡρακλέα
704 2909 760 2980 διὰ
801 2914 859 2998 τῆς
899 2913 1086 2997 βασιλικῆς

56 3014 175 3106 ἀρετῆς
207 3023 255 3099 είς
285 3016 346 3086 τὸν
369 3015 544 3106 Ὄλυμπον
576 3013 642 3086 ὑπὸ
675 3020 737 3100 τού
756 3014 892 3105 ’πατρὸς
925 3012 1073 3104 ἀνῆχθαι

54 3127 118 3192 τοῦ
136 3123 230 3205 Διός.
276 3120 348 3192 ἀλλ’
380 3115 498 3210 ῶτύυ,
526 3121 631 3209 εἷπον,
661 3120 703 3191 ού
722 3125 848 3203 ξυνίετε
874 3124 937 3189 τοῦ
955 3121 1071 3208 μύθου

124 3294 204 3353 ένλ
222 3309 280 3368 pet
350 3304 458 3367 9καλη
450 3295 545 3354 νιιαὶ
561 3299 601 3368 Η]
620 3293 713 3366 καλὴν
732 3296 808 3352 εἷναι
872 3303 904 3350 10
921 3295 1072 3378 μηδνΗ]

55 3363 154 3435 μηθὲν
241 3371 274 3420 14
292 3357 345 3422 οὖν
363 3370 426 3424 add.
445 3371 473 3420 Η
561 3372 591 3419 18
610 3367 662 3420 τού
681 3368 742 3425 add,
760 3368 828 3419 Rsk.
906 3370 938 3417 21
957 3365 1074 3432 μῶσθαι

56 3435 81 3486 V
107 3443 136 3488 et
163 3435 265 3488 Suidas
291 3453 319 3488 v.
346 3435 475 3501 μῶσθαι,
502 3437 551 3486 ubi
576 3437 664 3488 verba
689 3428 722 3487 τδ
750 3426 960 3488 λανθῶνον-
987 3435 1075 3485 πολυ·

53 3509 237 3571 πραγμονεῖν
255 3505 377 3557 afferunt
366 3510 420 3568 t,ur
440 3522 472 3570 μ
483 3505 567 3555 ,σθαι
586 3509 654 3569 pet„
672 3501 823 3594 μυοῦσθαι
842 3503 937 3569 spanh.
