2436 3870
347 157 553 211 OONVIVIUM
571 158 785 220 (CAESARES).
1012 159 1074 224 397

61 284 117 352 καὶ
145 282 258 365 καλός·
287 285 360 372 ἐμοὶ
387 287 489 370 γοῦν,
521 288 552 351 ελ
577 285 634 352 καλ
660 282 766 371 μηδὲν
794 280 890 372 ἀλλο,
916 284 957 354 τὰ
984 291 1128 373 γοῦν3οο

60 391 143 478 περὶ,
172 387 235 477 τὴν
270 389 421 478 κεφαλήν
457 391 527 458 ἐστι
563 389 774 478 προσόμοιος.
818 396 992 474 παίζοντος
1028 399 1076 462 ἔτι

44 497 200 563 τοιαῦτα
237 499 299 564 τοῦ
335 498 504 584 Σειληνοῦ
539 496 595 563 καὶ
631 497 699 562 τῶν
733 497 828 564 θεῶν
864 493 906 564 οὐ
943 496 1077 586 σφόδρα

60 600 295 691 προσεχόντων
332 598 437 693 αὐτῷ,
467 598 681 688 Ὀκταβιανός
716 601 935 691 ἐπεισέρχεται
971 603 1076 672 πολλὰ

34 702 226 794 εάμείβων,
258 704 369 795 ὥσπερ
402 711 438 775 οἱ
461 707 708 795 γαμαιλέοντες,
739 705 896 796 χρόματα
927 710 983 777 καὶ
1010 712 1076 778 νῦν

61 812 124 901 μὲν
152 809 295 900 ἀχριῦν,
323 804 426 894 αὖθις
444 811 482 881 δέ
501 809 647 901 ἐρυθρὸς
664 811 851 899 γινόμενος,
880 811 950 883 εἶτα
977 816 1077 902 μέλας

59 919 117 986 καὶ
160 918 313 1006 ζοφιόδης
353 920 410 987 καὶ
447 916 633 1005 σοννεφής·
672 913 782 987 ἀνίετο
820 915 852 987 δ’
891 911 993 1001 αῦθις
1029 927 1077 1002 εἰς

58 1019 261 1112 Ἀφροδίτην
292 1025 349 1092 καὶ
377 1023 537 1113 Χάριτας,
569 1021 660 1091 εἶναι’
688 1048 723 1091 τε
755 1021 855 1112 ἤθελε
882 1023 940 1105 τὰς
971 1024 1115 1113 βολάςΒ

60 1132 131 1197 των
163 1126 321 1217 ὀμμάτων
354 1126 469 1210 ὁποῖός
500 1130 591 1197 ἐστιν
619 1124 636 1197 δ
671 1131 773 1215 μέγας
791 1126 917 1211 Ἥλιος·
950 1128 1075 1200 οὐδένα

21 1269 48 1311 10
61 1234 126 1324 γάρ
155 1239 191 1303 ολ
214 1238 283 1304 τῶν
309 1230 445 1304 πάντων
472 1231 682 1322 ἀντιβλέπειν
699 1231 804 1322 ἠξίου.
841 1237 896 1303 καὶ
920 1231 1073 1324 δΣειλη-

59 1338 137 1426 νὸς,
169 1347 294 1428 Βαβαί,
326 1347 407 1428 ἔφη,
438 1343 500 1409 τοῦ
531 1343 750 1410 παντοδαποῦ
781 1341 905 1410 τούτου
936 1349 1075 1431 θηρίου·

59 1452 97 1513 τί
127 1443 199 1514 ποτ’
231 1444 296 1535 ἀρα
328 1445 444 1515 δεινὸν
474 1443 560 1533 ἡμᾶς
591 1447 778 1536 έργόσεται;
811 1449 963 1533 Παῦσαι,
996 1447 1094 1534 εἷπε,

61 1553 191 1639 ληρῶν,
219 1547 236 1619 ὁ
262 1548 442 1621 Ἀπόλλων
476 1549 540 1637 ἐγὼ
568 1549 633 1640 γάρ
661 1548 766 1620 αὐτὸν
792 1554 915 1644 τοντφὶ
942 1553 1076 1640 Ζήνωνι

60 1655 236 1744 παραδοὺς
267 1655 387 1727 αὐτίκα
419 1653 500 1744 ὑμῖν
536 1653 701 1744 ἀποφανῶ
737 1655 864 1745 χρυσόν
900 1654 1076 1747 ἀκήρατον.
1175 1716 1179 1723 ,

19 1795 47 1840 15
62 1759 136 1831 ἀλλ’
157 1771 220 1849 έθι,
239 1761 341 1849 εἶπεν,
361 1755 533 1850 ὦΖήνων,
552 1762 767 1850 έπιμεληθητι
784 1759 914 1850 τούμοῦ
926 1764 1074 1853 θρέμμα·
1095 1777 1115 1832 O

24 1880 27 1889 “
61 1894 127 1948 τος.
173 1864 190 1936 ό
220 1868 257 1936 δὲ
284 1865 490 1954 ὑπακούσας,
518 1867 589 1947 εἶτα
616 1867 740 1958 ἐπᾴσας
767 1864 857 1959 αὐτῷ
885 1867 985 1957 μικρὰ
1008 1872 1076 1937 νῦν

63 1974 250 2061 δογμάτων,
279 1971 389 2063 ὥσπερ
409 1978 444 2043 οἱ
460 1971 518 2054 τὰς
536 1973 740 2061 Ζαμόλξιδος
758 1970 888 2065 έπωδάς
905 1977 1075 2062 θρυλοῦν-

60 2105 125 2166 τες,
153 2077 325 2168 ἀπέφηνεν
352 2078 461 2169 ἀνδρα
489 2084 642 2169 ἔμφρονα
668 2081 724 2148 καὶ
752 2079 922 2168 σώφρονα.
966 2084 1077 2166 τρίτος

62 2186 300 2275 έπεισέδραμεν
337 2183 450 2266 αὐτοῖς
490 2186 641 2273 Τιβέριος
682 2183 803 2272 σεμνὸς
837 2182 878 2252 τὰ
913 2184 1076 2274 πρόσωπα

18 2325 48 2367 20
61 2292 118 2360 καὶ
146 2290 322 2381 βλοσυρός,
350 2290 490 2380 σῶφρόν
507 2318 542 2359 τε
565 2288 632 2378 ἅμα
654 2293 711 2360 καλ
729 2289 908 2379 πολεμικὸν
936 2292 1076 2377 βλέπων.

62 2397 324 2486 ἐπιστραφέντος
343 2397 380 2465 tt
393 2394 476 2487 πρὸς
494 2395 557 2484 τὴν
570 2399 741 2485 καθέδραν
757 2390 925 2485 ὤφθησαν
944 2393 1076 2465 ἀτειλαὶ

63 2501 149 2571 κατὰ
175 2501 236 2572 τὶν
263 2505 373 2571 νῶτον
400 2508 528 2591 μυρίαι,
554 2505 717 2591 καντῆρές
738 2529 825 2584 τινες
840 2504 908 2572 ,καὶ
936 2504 1076 2590 ξέσματα

149 2704 162 2752 1
186 2697 281 2768 μηδὲν
299 2698 505 2767 Heusingerus]
529 2697 628 2767 μηθὲν
713 2705 728 2752 3
750 2697 872 2755 τοιαῦτα
890 2700 964 2768 VM]
984 2701 1077 2753 ταῦτα

62 2770 81 2818 4
104 2769 219 2834 Spectat
246 2770 301 2819 huc
320 2769 519 2820 Grammaticus
542 2771 693 2820 Hermanni
715 2770 748 2818 de
773 2771 879 2821 emend.
899 2775 951 2819 rat.
971 2769 1016 2820 Gr
1036 2786 1075 2834 gr

64 2851 92 2900 p.
110 2839 158 2888 357
183 2843 211 2888 et
229 2838 431 2889 Grammaticus
454 2838 529 2902 apud
548 2837 689 2886 Osannum
712 2837 746 2886 ad
766 2837 915 2914 Philemp
918 2838 992 2886 ‚232
1061 2840 1076 2886 6

63 2895 214 2986 γινόμενος
235 2901 310 3022 VM)
335 2898 487 2985 γενόμενος
568 2906 669 2955 Ὶσννε
695 2920 730 2966 ης
751 2906 775 2954 V
808 2905 812 2961 Ι
845 2893 872 2953 δ’
894 2853 982 2961 αῦθις
1001 2901 1075 3021 VM]

64 2964 99 3022 δε
119 2958 209 3030 αὖθις
241 2972 245 3033 Ι
279 2968 330 3038 ες]
349 2966 546 3050 προςΜΑα
617 2919 736 3022 {testae
751 2986 781 3021 τε
801 2964 892 3035 θελε
909 2963 1028 3035 VM]
999 2987 1076 3021 εναι
1135 3031 1136 3034 ¹

62 3027 155 3102 ηθελέ
174 3054 204 3090 τε
223 3040 306 3103 Aug„
331 3033 407 3090 εἶναι
426 3033 460 3089 δὲ
467 3030 605 3116 ἤθελεν
693 3041 723 3087 10
745 3031 837 3103 γόρο
840 3031 949 3101 [Lug]
975 3029 1029 3102 γάρ
1048 3054 1076 3088 οι

63 3106 96 3154 12
119 3121 188 3156 ποτε
208 3107 264 3155 VM
278 3110 344 3184 Aug.
375 3107 379 3168 Ι
414 3097 639 3186 παῦσαιῩμει.
671 3104 675 3166 Ι
708 3098 772 3156 εἴτε
794 3099 868 3180 VM]
894 3100 974 3155 εἶπεν
1045 3109 1076 3155 13

61 3171 169 3253 τουτῳὶ
188 3173 266 3238 Oob.]
288 3165 378 3255 τοότφ
466 3177 498 3224 15
515 3165 590 3224 ἀλλὰ
610 3173 744 3250 VMAug.
777 3173 782 3237 Ι
815 3158 837 3222 ὦ
858 3172 917 3222 VM
916 3169 1024 3249 Aug]
1036 3165 1073 3237 ὁλ

23 3291 25 3296 ,
61 3225 173 3304 τοῦμόῦ
195 3241 266 3301 VM,
296 3238 348 3291 τοῦ
368 3235 434 3307 ’μοῦ
457 3240 543 3306 Aug,
571 3237 622 3291 τοῦ
651 3231 759 3303 έμοῦν
848 3241 879 3288 16
907 3229 1076 3296 ῦπακοόσας
1127 3270 1132 3283 ·

62 3371 235 3493 ῪΜΑἛ]
251 3367 414 3434 έπαιιοῦσας
501 3378 531 3426 17
562 3371 731 3453 ζαλμόξιδος
760 3374 829 3438 Aug.
862 3371 867 3434 Ι
898 3371 1076 3436 θρυλοῦντες

61 3440 147 3507 Aug.]
182 3441 382 3521 ρνλλοῦντες
455 3446 486 3494 19
511 3434 631 3522 σεμνὸς]
656 3478 729 3491 .....
753 3441 777 3489 V
862 3444 894 3492 20
917 3437 1030 3506 σῶφρον
1048 3441 1077 3490 Μ

63 3512 133 3574 pet]
152 3502 271 3573 σώφρων
287 3507 292 3577 Ι
311 3503 382 3562 τέ’
362 3527 422 3576 αμα
440 3510 504 3574 (non
523 3527 550 3560 τι
569 3501 639 3575 ἅμα)
659 3509 743 3558 etiam
763 3514 831 3574 Aug.
895 3513 927 3559 22
947 3508 1002 3560 τῦν
1021 3504 1074 3559 νιό
