2446 3870
471 183 607 237 οπευιο
625 162 674 238 αι’.
1006 184 1068 250 241

57 316 126 382 ἐστι
154 312 210 381 καὶ
247 311 368 392 πάντες
405 306 450 392 ὦς
491 317 568 392 ἐπος
605 315 711 380 εἰπεῖν
753 311 827 393 ἑνός
859 340 950 394 τινος
983 315 1072 401 ἐφιέ-

22 466 26 474 -
57 446 153 507 μενοι
181 414 275 499 δδοῑς
298 419 349 486 ἐπὶ
378 420 478 487 τοῦτο
507 417 685 505 διαφόροις
712 409 836 506 ήλθυν,
866 415 993 507 ἀπόχρη
1017 447 1071 488 το-

58 529 165 595 σαῦτα
193 526 259 593 νῦν
283 529 396 593 εἰπεῖν.
448 519 533 613 ὑπὲρ
562 523 599 592 δέ
626 527 687 593 τοῦ
705 528 884 612 Κυνισμοῦ
912 526 1108 594 σκεπτέυνΒ

57 635 157 701 ἐστίν.
254 648 255 651 ’

29 768 42 809 5
136 741 183 806 Εέ
208 736 270 824 μὲν
302 727 365 805 οὖν
393 738 567 824 ἐπεποίητο
599 751 669 817 τοῖς
697 732 841 825 ἀνδράσι
874 736 954 825 μετά
981 763 1074 819 τινος

56 846 223 931 σπουδῆς,
257 840 339 912 ἀλλά
371 840 415 930 μή
453 839 536 930 μετά
572 844 708 923 παιδιᾶς
744 839 784 910 τά
822 843 1073 933 συγγράμματα,

56 949 188 1030 τούτοις
215 950 317 1037 ἐχρήν
344 947 507 1036 ἑπόμενον
530 950 708 1036 ἐπιχειρεῖν
730 950 852 1039 ἕκαστα
880 939 930 1017 οἷν
958 954 1072 1020 διανο-

57 1056 190 1144 ούμεθα
217 1056 293 1145 περὶ
320 1057 383 1125 τοῦ
414 1054 607 1142 πράγματος
639 1053 797 1137 ἐξετάζειν
828 1052 889 1124 τὸν
917 1057 1073 1125 ἐναντίον

56 1168 127 1249 καί,
169 1167 202 1231 εί
235 1160 297 1248 μὲν
329 1162 484 1248 ἐφαίνετο
525 1175 596 1242 τοῖς
635 1168 789 1241 παλαιοῖς
830 1157 1072 1250 ὁμολογοῦντα,

15 1301 43 1340 ιο
56 1269 153 1357 μήτοι
186 1268 488 1355 ψευδομαρτυριῶν
519 1263 599 1354 ήμῑν
627 1267 852 1354 ἐπισκήπτειν,
885 1273 916 1336 εί
947 1267 985 1337 δέ
1016 1270 1072 1357 μή,

55 1375 128 1444 τότε
157 1376 314 1462 ἐξορίζειν
346 1370 434 1441 αὐτά
463 1376 521 1461 τής
554 1370 657 1460 ἀκοῆς
689 1370 800 1462 ὥσπερ
831 1371 1005 1461 Ἀθηναῖοι
1032 1373 1072 1444 τά

55 1476 164 1568 ψευδῆ
193 1479 368 1568 γράμματα
386 1481 448 1547 τοῦ
467 1479 646 1572 Μητρῴου.
693 1481 762 1549 ἐπεὶ
790 1479 827 1547 δὲ
847 1477 949 1549 οάδέν
967 1483 1106 1566 ε’στιν,Ο

57 1583 103 1666 ως
132 1593 234 1673 ἔφην,
265 1588 432 1654 τοιοῦτον·
466 1589 504 1652 αλ
533 1613 567 1654 τε
599 1583 663 1673 χάρ
690 1584 922 1674 θρυλούμεναι
950 1590 1071 1673 Διοχέ·

57 1719 142 1771 νους
174 1689 354 1783 τραγῳδίαι
384 1698 547 1760 Φιλίσκον
578 1689 670 1772 τινὸς
698 1692 883 1778 Αἰγινήτου
916 1695 1071 1778 λέγονται

12 1831 42 1870 ιε
57 1794 155 1884 εἶναι,
183 1804 250 1884 καί,
278 1802 309 1866 εί
334 1799 522 1883 Διογένους
549 1797 586 1867 δὲ
609 1796 688 1883 εἷεν,
716 1794 820 1866 οὐδὲν
847 1794 975 1867 άτοπόν
1002 1802 1070 1867 ἐστι

55 1902 117 1973 τὸν
144 1901 255 1992 σοφὸν
281 1905 419 1990 παίζειν,
447 1905 516 1972 ἐπεὶ
544 1904 717 1973 καὶτοῦτο
745 1904 861 1972 πολλοὶ
890 1892 1071 1991 φαίνονται

57 2010 154 2100 (τῶν)
183 2009 383 2097 φιλοσόφων
413 2009 623 2098 ποιήσαντες·
655 2010 751 2095 ἐγέλα
782 2012 851 2096 τοι,
883 2014 982 2097 φασί,
1014 2011 1070 2077 καὶ

55 2116 269 2206 Δημόκριτος
297 2111 387 2203 δρῶν
405 2116 654 2199 σπουδάζοντας
675 2112 755 2196 τοὺς
782 2101 998 2204 ἀνθρώπους·
1026 2114 1070 2204 μή

56 2221 98 2311 δή
127 2220 212 2311 πρὸς
238 2219 297 2302 τάς
324 2219 459 2302 παιδιάς
482 2218 595 2292 αὐτῶν
622 2219 872 2310 ἀποβλέπωμεν,
900 2218 1010 2311 ὥσπερ
1038 2226 1074 2291 αι’

14 2361 41 2400 ιο
55 2328 247 2417 μανθάνειν
264 2355 296 2396 τι
316 2333 506 2397 σπουδαῖον
533 2326 650 2417 ήκιστα
669 2330 818 2417 ἐρῶντες,
846 2324 940 2397 πόλει
963 2354 1069 2420 παρα·
1087 2338 1113 2394 Ι)

55 2435 235 2523 βάλλοντες
262 2431 453 2522 εὐδαίμονι,
480 2438 614 2531 πολλῶν
641 2433 680 2528 μέ
730 2434 845 2523 ίερῶυ,
872 2428 1016 2527 πολλῶν
1034 2435 1071 2504 δδ

55 2539 258 2630 ἀπορρήτων
284 2542 424 2609 τελετῶν
450 2540 577 2630 πλήρει,
605 2541 661 2610 καλ
679 2540 813 2631 μυρίων
830 2546 931 2610 ἔνδον
956 2536 1072 2630 ίερὲων

55 2642 172 2733 ἀγνῶν
199 2649 236 2715 ἐν
263 2642 380 2732 ἀχνοῖς
407 2646 579 2733 μενόντων
606 2650 755 2738 χωρίοις·
783 2643 890 2716 αὐτοῦ
909 2647 946 2716 δέ
974 2650 1071 2716 ἕνεκα

54 2752 215 2834 πολλάκις
234 2751 383 2839 τούτου,
416 2753 501 2840 λέγω
534 2753 571 2823 δὲ
599 2756 659 2822 τοῦ
691 2748 896 2842 καθαρεύειν
922 2752 963 2822 τδι
991 2763 1070 2849 είσω

15 2889 40 2929 νε
55 2859 180 2945 πάντα,
204 2857 248 2933 >τά
275 2855 410 2947 περιττά
442 2861 498 2928 καὶ
526 2856 673 2950 βδελυρά
700 2861 756 2928 καλ
785 2851 899 2947 φάῧλα
926 2862 984 2946 τής
1011 2850 1078 2927 πόὲ

124 3084 142 3132 4
161 3074 250 3147 ἐστίν]
274 3075 316 3133 ἐτι
334 3081 374 3145 Η,
393 3075 452 3148 ἤδη
471 3081 537 3133 Rsk.
625 3084 641 3133 8
660 3087 688 3133 et
706 3085 721 3135 9
740 3076 790 3132 τὸν
808 3071 944 3132 ἐναντίον
961 3077 1012 3131 καλ
1029 3079 1069 3148 Η]

55 3143 89 3201 τδ
108 3143 242 3201 ἐναντίον
261 3145 296 3202 δὲ
367 3152 400 3201 10
421 3143 626 3216 ἐπισκήπτειν]
638 3149 699 3205 vid,
718 3150 753 3199 ad
770 3151 820 3200 239
833 3150 857 3199 Δ
927 3150 958 3198 12
982 3142 1072 3200 οὐδὲν

54 3215 95 3282 H]
116 3208 208 3270 οάθέν
279 3216 310 3267 13
329 3210 530 3284 θρυλούμενυι
541 3215 578 3284 Η]
597 3210 814 3285 θρυλλοάμεναι
851 3274 853 3280 ⁸
870 3217 915 3265 ,14
933 3215 1073 3268 Φιλίσκου

55 3285 155 3350 spanh.
175 3301 190 3336 e
208 3285 320 3336 Patavii
338 3279 510 3367 conjectura]
530 3285 674 3337 Φιλίστου.
700 3285 760 3333 Vid.
780 3283 864 3334 etiam
876 3281 970 3338 Δ2101)
989 3283 1073 3343 2λ2Α

56 3353 89 3403 15
108 3347 155 3420 δὲ]
175 3347 213 3418 δή
232 3353 259 3403 H
278 3349 284 3418 Ι
306 3343 452 3418 odom]
472 3346 563 3404 ουθδυ
634 3354 665 3403 17
683 3349 739 3403 τῶν
758 3349 874 3415 adm.
904 3351 940 3403 cf.
960 3349 1071 3416 2163}

55 3420 132 3484 φασί
148 3418 186 3484 Η]
205 3433 278 3486 φησι
349 3423 381 3471 19
400 3413 608 3487 άποβλέπωμεν
626 3415 664 3483 H]
685 3412 881 3483 oivtofflae'nm¹
927 3422 960 3471 20
977 3435 1074 3484 παραε

53 3479 195 3622 geimarus·
213 3487 282 3539 Rsk.
371 3489 404 3538 22
427 3483 528 3552 ἱερέων
550 3487 612 3540 Pet.
630 3492 658 3539 et
681 3481 790 3553 τρισίν]
814 3481 900 3553 λερῶν
986 3489 1019 3539 23
1038 3483 1073 3546 δὲ

113 3570 144 3606 τε
935 3595 938 3599 .

107 3655 216 3697 Iuliana·
224 3656 251 3696 1.
836 3648 875 3700 λδ)
