2446 3870
137 155 179 218 92
438 156 581 207 mmm
602 154 852 206 IMPERATORIS

137 281 174 352 τὸ
203 281 264 370 μέν
292 263 335 372 δή
355 280 488 369 ξύμπαν
506 288 608 364 ἔθνος
636 274 701 352 ῶὸε
725 282 971 370 ἐπονομάζεται·
997 286 1039 373 τή
1056 284 1152 356 πόλει

138 388 175 458 δέ
202 385 308 476 ἀετός,
336 385 381 469 ῶς
408 409 524 475 φασιν,
553 391 738 477 οἰκιζομένῃ
758 387 865 470 δεξιὸς
891 391 928 458 ἐκ
946 388 1031 470 Διὸς
1058 391 1152 460 ίπτά-

71 506 96 550 Γ
137 522 237 584 μενος
262 493 325 582 τήν
352 490 458 563 αὑτοῦ
471 574 472 577 ¹
486 495 603 582 φήμην
635 501 808 582 χαρίζεται.
854 501 991 565 οἰκεῖται
1018 497 1056 566 δὲ
1082 494 1150 568 ὑπὸ

70 609 73 614 ’
137 599 207 682 τοῖς
233 602 312 670 ποσί
339 603 408 670 τῶν
427 598 589 670 Ἄλπεων·
618 599 679 691 όρη
708 602 749 669 δέ
774 602 841 679 έστι
868 604 972 670 ταῦτα
999 608 1152 693 παμμιγῆ

137 709 193 777 καί
225 703 417 796 ἀπορρῶγες
448 709 486 775 έν
517 705 632 788 αὐτοῖς
663 709 795 797 πέτραι,
813 707 921 796 μόλις
952 704 1059 798 άμάξη
1092 715 1182 802 μιᾷο

137 816 193 884 καὶ
222 810 323 906 όρικςό
353 808 459 899 ζεύγει
484 811 547 902 τήν
575 809 763 903 ὑπέρβασιν
791 815 999 901 βιαζομένοις
1026 817 1152 905 ξυγχω-

97 923 279 1010 Βροῦντα,
315 916 482 1009 ἀρχόμενα
517 918 579 1008 μὲν
614 917 680 989 ἀπὸ
716 919 897 1008 θαλάττης,
933 916 977 1008 ήν
1014 920 1055 1009 δή
1091 922 1153 993 τὸν

134 1024 255 1096 Ἰόνιον
282 1023 373 1095 εἶναί
397 1053 523 1114 φαμεν,
555 1023 800 1114 ἀποτειχίζοντα
829 1026 866 1095 δὲ
892 1025 954 1114 τήν
980 1030 1047 1096 νῦν
1071 1025 1151 1098 Ἰτα-

137 1138 215 1201 λίαν
242 1129 307 1202 ύπό
334 1159 370 1200 τε
388 1127 564 1222 Ἰλλυριῶν
591 1133 647 1201 καί
670 1135 831 1201 Γαλατῶν
857 1133 913 1201 καί
941 1136 974 1214 ἐς
1000 1131 1037 1202 τὸ
1065 1140 1152 1226 Τυρ-

137 1237 245 1328 ρηνὸν
274 1240 424 1324 πέλαγος
460 1234 708 1324 άναπαυόμενα.
750 1234 904 1326 Ῥωμαῖοι
939 1237 1004 1326 γάρ
1037 1240 1152 1332 ἐπειδὴ
1166 1263 1194 1304 1⁰

137 1347 195 1432 τής
221 1340 330 1434 χῶρας
357 1338 486 1430 άπάσης
513 1343 688 1432 ἐκράτουν·
716 1350 786 1413 ἔστι
814 1343 851 1413 δὲ
874 1347 911 1414 έν
939 1342 1024 1434 αύτή
1050 1347 1089 1416 τό
1116 1375 1154 1418 τε

136 1452 206 1517 τῶν
228 1444 369 1518 Ἑνετῶν
396 1455 498 1530 ἔθνος
525 1450 581 1518 καὶ
599 1453 723 1536 Λίγυές
749 1477 837 1530 τινες
863 1453 919 1520 καὶ
945 1455 1014 1520 τῶν
1040 1450 1153 1524 ἄλλων

139 1557 299 1624 Γαλατῶν
337 1553 378 1625 ού
416 1555 530 1643 φαύλη
567 1571 682 1647 μοῖρα·
720 1555 760 1626 τά
796 1555 858 1645 μὲν
894 1554 1016 1647 άρχαῖα
1052 1564 1152 1647 σφῶν

138 1659 286 1749 ὀνόματα
318 1660 436 1745 σῶζειν
467 1658 506 1730 ού
541 1663 763 1750 διεκώλυσαν,
800 1664 846 1754 τῶ
879 1666 982 1757 κοινῷ
1015 1664 1053 1733 δὲ
1083 1670 1153 1736 τῶν

135 1764 269 1837 Ἰταλῶν
296 1770 479 1858 ξυγχωρεῖν
501 1769 767 1857 κατηνάγκασαν.
803 1769 860 1839 καί
877 1771 946 1839 νόν
963 1766 1072 1841 ὁπόσα
1089 1773 1152 1860 μέν
1167 1803 1194 1844 15

98 1881 217 1943 θείσω
249 1878 318 1943 τῶν
341 1873 492 1943 ’Ἄλπεων
518 1890 732 1963 κατοικεῖται,
766 1881 837 1945 ἔστε
864 1877 919 1944 ἐπὶ
945 1875 1006 1946 τόν
1031 1874 1153 1948 Ἰόνιον

137 1983 193 2050 καλ
224 1979 284 2050 τὸν
320 1979 497 2071 Τυρρηνόν
528 1983 737 2070 καθήκοντα,
773 1982 879 2070 ταύτῃ
909 1998 1080 2072 κοσμεῖται
1110 1989 1152 2075 τῇ

137 2095 369 2179 προσωνυμίᾳ·
409 2085 450 2156 τά
488 2086 525 2157 δέ
561 2083 646 2178 ὑπὲρ
681 2091 750 2160 τῶν
778 2086 928 2158 Ἄλπεων
963 2093 1032 2158 τῶν
1067 2090 1154 2181 πρὸς

26 2266 29 2271 ,
137 2195 281 2283 ἑσπέραν
314 2194 460 2262 Γαλάται
495 2195 668 2280 νέμονται,
700 2196 757 2263 καὶ
785 2190 906 2264 Ῥαιτολ
943 2195 981 2264 δέ
1011 2196 1052 2266 τὰ
1083 2193 1151 2267 ὑπὸ

136 2297 198 2385 τήν
234 2297 372 2388 όρκτον,
404 2302 462 2366 ἵνα
489 2292 609 2386 Ῥήνου
639 2301 679 2369 τέ
707 2305 792 2370 εἰσιν
825 2306 864 2370 αἱ
891 2304 996 2388 πηγαὶ
1027 2303 1084 2371 καί
1117 2309 1156 2372 αί
1166 2334 1193 2376 κο

135 2405 198 2471 τοῦ
221 2401 355 2491 Ἴστρου
386 2409 530 2492 πλησίον
565 2405 656 2495 παρὰ
688 2420 758 2488 τοῖς
793 2414 918 2493 γείτοσι
954 2409 1151 2500 βαρβάροις·

135 2507 176 2577 τὰ
204 2508 242 2578 θλ
270 2511 306 2578 ἐκ
332 2512 391 2597 τής
417 2511 461 2579 έω
480 2511 583 2578 ταύτα
602 2509 645 2600 δή
664 2508 723 2594 τάς
741 2510 874 2594 ’Ἄλπεις
902 2510 1050 2602 όχυρούν
1069 2521 1151 2603 έφα-

108 2666 109 2669 ,
136 2641 208 2701 μεν,
236 2619 354 2705 ἵναπερ
383 2611 401 2685 ὁ
428 2616 595 2705 τύραννος
612 2616 675 2706 τήν
702 2618 859 2710 φρουράν
876 2608 1152 2692 κατεσκευάσατο.

91 2716 225 2789 Βούτω
254 2719 296 2809 δή
323 2725 382 2810 τής
401 2719 539 2804 Ἰταλίας
566 2719 803 2813 ἁπανταχόθεν
830 2722 926 2815 όρεσί
951 2754 986 2796 τε
1013 2747 1152 2816 συνεχο-

136 2827 237 2915 μένης
268 2833 346 2897 λίαν
378 2829 557 2918 δυσβάτοις
588 2832 645 2900 καλ
676 2831 831 2920 θαλάσση
867 2833 1062 2922 τεναγῶόει,
1094 2831 1152 2906 ἅτε
1165 2863 1192 2904 ιο

203 3122 220 3170 3
243 3111 335 3172 αύτού
356 3120 415 3172 VM
483 3122 501 3171 4
522 3117 669 3187 παμμιγῆ]
694 3121 759 3172 fort.
778 3119 953 3189 παμμεγέθη
1023 3125 1039 3174 5
1061 3113 1151 3191 άπορ-

131 3184 223 3268 ρῶγες
239 3186 308 3252 VM]
326 3176 561 3305 o’moopn‘aysevyvje
598 3183 719 3307 ἠμὲν
737 3187 810 3308 Ψ]
830 3185 864 3242 δὲ
934 3185 1065 3308 θίίόνιοχ
1081 3190 1151 3258 VM]

135 3257 470 3387 ίΙόόῶόπνΥΜβἸτῶόύοννον
510 3325 543 3374 17
560 3260 611 3375 κόιλ
629 3259 826 3391 τόῶτλλήκαλίλ
849 3260 1054 3392 Τύ3ρήιύόύαᾘ]
1077 3262 1152 3392 ΤνῙρθ-

134 3382 224 3468 σηνὸν
251 3383 421 3456 (Τυρρήνον
447 3389 534 3455 eant.)
611 3393 644 3470 λθ
670 3387 720 3443 καὶ
744 3383 851 3445 Ῥαιτολ
877 3343 911 3446 βλ
938 3387 973 3472 τά
996 3391 1073 3460 Rsk]
1100 3392 1151 3445 καλ

130 3451 226 3536 Ῥητομ
278 3455 337 3508 ειολ
354 3455 403 3538 V).
433 3452 470 3510 τά
488 3453 542 3522 ab!
562 3451 631 3526 ύπο]
651 3449 726 3526 ὑπὲρ
743 3460 800 3511 VM
870 3464 904 3514 20
920 3477 978 3512 των
996 3451 1108 3526 ἄρκτων
1126 3463 1151 3513 V

125 3525 164 3570 22
179 3539 220 3572 κα
287 3521 330 3588 Η)
346 3541 380 3576 το
399 3521 433 3578 δέ
458 3525 465 3593 Ι
491 3520 600 3585 ταύτας
618 3529 643 3581 V
711 3530 744 3578 24
762 3521 800 3594 δή
818 3525 853 3593 V]
873 3524 907 3581 δὲ

7 3618 43 3845 χ
