2446 3870
148 167 211 231 222
451 170 596 222 ιυτιιαι
613 168 866 221 ιιιειιαιτοαιε.

149 293 310 384 ἀμείνονα
347 297 403 363 καὶ
439 297 702 383 θεοφιλεστέραν
739 296 841 382 λήξιν.
892 290 980 363 οὕτω
1017 319 1070 361 τοι
1105 295 1162 361 καὶ

149 400 209 471 τὸν
232 399 345 469 ’Ἀττιν
377 398 419 470 ού
446 407 736 489 κατεχθραίνονσα
768 397 848 486 μετὰ
874 397 939 487 τήν
971 396 1114 487 ἐκτομὴν
1140 394 1161 486 ή

150 507 270 596 Μήτηρ
298 508 439 593 λέγεται,
474 504 556 575 ἀλλὰ
589 504 770 593 ἀγανακτεῖ
794 504 856 593 μὲν
883 502 1008 591 ούκέτι,
1036 501 1161 591 ἀγανα-

150 615 276 681 κτοῦσα
304 611 340 681 δέ
368 614 496 699 λέγεται
523 613 580 680 διδι
607 610 669 701 τήν
688 611 950 699 σνγκατύβασιν,
979 607 1030 678 ὅτι
1056 614 1162 700 κρείτ-

112 733 219 788 etun}
251 713 300 785 ὢν
326 720 382 786 καί
408 715 490 798 θεὸς
517 723 642 787 έδωκεν
674 714 795 786 ἑαυτὸν
826 720 872 809 τῷ
904 716 1190 806 καταδεεστέρμ·σ

151 824 317 912 στήσαντα
350 823 388 892 δέ
420 819 525 892 αὐτὸν
556 827 614 911 τής
646 820 796 913 ἀπειρίας
827 822 889 910 τὴν
920 822 1071 912 πρόοδον
1108 822 1164 889 καί

151 927 188 997 τὸ
221 926 410 1018 ἀκόσμητον
442 933 541 999 τοῦτο
573 928 788 1017 κοσμήσαντα
815 927 872 997 διὰ
899 931 957 1015 τής
988 925 1072 1015 πρός
1103 924 1163 994 τὸν

153 1033 347 1125 ἰσημερινὸν
378 1036 502 1105 κύκλον
535 1041 760 1123 συμπαθείας,
792 1037 849 1103 ἵνα
877 1029 895 1102 ό
924 1031 1026 1120 μέγας
1050 1029 1164 1113 Ἥλιος

152 1143 209 1229 τής
237 1137 423 1230 ὡρισμένης
449 1143 611 1230 κινήσεως
637 1138 675 1208 τό
699 1139 904 1208 τελειότατον
930 1141 1078 1229 κυβερνή
1106 1138 1161 1225 με’-

152 1273 244 1333 τρον,
272 1245 429 1331 ἐπανάγει
447 1244 530 1336 πρὸς
558 1243 681 1332 ἑαυτήν
699 1241 720 1332 ή
738 1243 820 1327 θεὸς
848 1243 1008 1333 ἀσμένως,
1035 1246 1162 1331 μᾶλλον
1177 1264 1203 1306 ιο

153 1351 190 1418 δὲ
218 1357 283 1439 ἔχει
309 1348 388 1439 παρ’
419 1352 529 1440 ἑαυτῇ.
574 1352 629 1419 καὶ
663 1347 823 1420 οὐδέποτε
851 1352 1005 1438 μέμονεν,
1037 1346 1092 1417 ότε
1119 1347 1163 1437 μή

152 1458 255 1524 ταῦτα
281 1459 405 1547 τοῦτον
433 1455 499 1545 εἶχε
525 1455 585 1525 τὸν
606 1456 744 1547 τρόπον,
773 1454 875 1548 όνπερ
892 1459 958 1524 νῦν
986 1460 1062 1542 ἔχει,
1090 1451 1162 1523 ἄλλ’

153 1556 204 1629 ἀεὶ
231 1562 293 1650 μὲν
312 1559 421 1644 ’Ἀττις
439 1559 566 1631 ἐστίν’
547 1561 718 1651 υπονργὸς
744 1590 784 1652 τη
768 1564 916 1652 Μητρὶ
934 1561 990 1631 καὶ
1017 1556 1164 1648 ἡνίοχος,

109 1664 204 1735 Βύεὶ
236 1664 322 1736 δὲ’
306 1672 390 1760 οργήι
422 1673 470 1751 είς
505 1667 568 1758 τήν
600 1669 747 1756 γένεσιν,
784 1666 835 1737 αεὶ
872 1666 910 1737 δὲ
947 1664 1165 1754 ἀποτέμνεται

153 1771 214 1860 τὴν
246 1770 400 1865 ἀπειρίαν
434 1773 490 1844 διὰ
520 1778 579 1863 τῆς
607 1769 792 1863 ὡρισμένης
823 1777 891 1842 τῶν
918 1775 1021 1842 είδόν
1047 1777 1163 1854 αίτίας
1178 1791 1203 1834 ιο

153 1881 400 1968 ἐπαναγόμενος
429 1878 521 1950 δέ”
494 1901 603 1970 ωσπερ
636 1883 672 1949 ἐκ
699 1883 759 1969 γῆς
790 1882 859 1948 τῶν
886 1875 1034 1970 σἰρχαίαν
1062 1870 1165 1960 αὖθις

153 1988 282 2073 λέγεται
313 1987 533 2057 δυναστεύειν
564 1985 755 2078 σκήπτρων,
787 1983 935 2055 ἐκπεσὼν
962 1984 1023 2072 μὲν
1051 1981 1165 2053 αὐτῶν

155 2091 311 2181 οὐδαμῶς
343 2090 425 2163 οὐδὲ
460 2095 641 2179 ἐκπίπτων,
674 2095 825 2175 ἐκπεσεῖν
858 2090 895 2160 δέ
928 2087 1039 2158 αὐτῶν
1071 2090 1164 2176 λεγό

154 2225 253 2285 μενος
281 2198 338 2268 διδ
365 2196 427 2287 τήν
453 2198 537 2287 πρὸς
563 2197 601 2267 τὸ
630 2195 785 2287 παθητόν
812 2197 977 2285 σύμμιξιν.

231 2301 316 2371 Ἀλλ’
355 2307 462 2373 ἐκεῖνο
500 2313 580 2386 ίσιος
621 2301 715 2385 ύξιον
751 2305 1017 2394 προσαπορήσαι·
1054 2303 1205 2389 διττήςιι

102 2406 221 2496 172νδιρ
250 2405 353 2496 οόσης
383 2412 443 2494 τίς
475 2414 660 2498 ίσημερίας,
698 2407 740 2478 ού
770 2408 832 2498 τήν
864 2411 901 2478 ἐν
932 2423 1003 2489 ταῖς
1039 2415 1165 2496 χηλαῖς,

144 2513 215 2601 τήν
242 2513 280 2582 δέ
308 2516 344 2582 ἐν
370 2517 417 2606 τῷ
449 2518 531 2607 κριῷ
557 2519 750 2606 προτιμῶσι.
795 2521 844 2597 τίς
872 2505 935 2583 οὖν
966 2518 1056 2581 αίτία
1088 2513 1164 2582 τού-

153 2646 229 2706 του,
262 2618 412 2710 φανερὸν
445 2620 628 2709 δήπουθεν.
675 2618 788 2708 ἐπειδὴ
816 2619 880 2709 γὰρ
912 2617 993 2708 ἡμῖν
1026 2614 1043 2688 ὁ
1072 2616 1166 2708 ήλιος

154 2723 288 2815 ἄρχεται
314 2726 388 2796 τότε
414 2727 604 2816 πλησιάζειν
631 2724 697 2797 ἀπὸ
725 2730 783 2815 τής
812 2732 997 2817 ἰσημερίας,
1025 2721 1164 2813 αὐξομέ-

155 2861 215 2920 νης
243 2829 335 2921 οἶμαι
361 2835 420 2921 τής
445 2829 580 2923 ἡμέρας,
607 2834 722 2914 ἐδοξεν
750 2823 847 2914 οὗτος
875 2828 893 2901 ὁ
920 2828 1035 2922 καιρός
1063 2826 1164 2921 ἆρμο-
1178 2851 1202 2892 ²⁵

155 2939 320 3031 διοότερος.
366 2941 427 3020 ἐξω
460 2937 523 3029 νόιρ
555 2943 612 3027 τής
644 2944 765 3026 αίτίας,
802 2936 823 3027 ή
856 2958 939 3027 φησι
971 2951 1041 3017 τοῖς
1071 2946 1167 3017 θεοῖς

155 3043 242 3114 εἶναι
273 3045 310 3115 τὸ
345 3047 417 3134 φῶς
449 3044 657 3135 σύνδρομον,
691 3051 778 3132 ἐχειν
810 3049 939 3126 οίκείως
971 3044 1166 3112 πιστευτέον

154 3167 225 3233 τοῖς
256 3149 428 3241 αἰςοεδήναι
459 3154 517 3241 τής
547 3153 708 3237 γενέσεως
739 3151 923 3220 σπεύδουσι
950 3147 1008 3230 τὰς
1035 3145 1165 3235 αἰναμοι-

99 3460 100 3463 ,
240 3394 272 3442 12
291 3387 404 3460 είχεΗ]
423 3389 481 3474 ἔχει
569 3394 601 3443 14
622 3385 741 3471 όρηόιί
713 3409 754 3452 ες
773 3392 833 3443 Pet.
853 3396 882 3442 et
899 3391 1045 3443 Ruhnken
1065 3389 1100 3440 ad
1119 3389 1166 3440 Ti·

154 3473 312 3538 maeump.
331 3458 392 3526 194]
417 3454 497 3525 όρηίζ
482 3460 577 3523 m
597 3442 714 3542 όρηόξει
737 3476 755 3512 v
841 3462 873 3509 22
897 3456 1074 3525 προτιμῶσιν
1091 3455 1163 3522 Pet]

152 3520 351 3590 ρσστόμασιν
420 3530 452 3578 27
471 3524 639 3580 πιστευτέον
657 3525 695 3595 Η]
716 3545 747 3578 ττι
740 3525 854 3578 ιστεύον
