2414 3862
117 141 181 208 552
419 140 563 194 mium
581 139 831 192 ιωεοιτιτοιιιε

114 275 199 346 ἀλλά
225 275 464 364 μερισθήσεται
491 277 529 345 τὸ
556 279 706 364 πρᾶγμα,
737 273 775 343 τὸ
805 273 867 362 μὲν
890 278 938 354 είς
959 272 1067 362 ὑμᾶς,
1102 273 1141 344 τὸ

116 384 153 454 δὲ
185 387 233 463 είς
263 382 326 471 τήν
354 386 422 451 τῶν
449 385 661 469 στρατιωτῶν
686 386 818 470 χρείαν,
850 382 884 462 ἐξ
911 370 951 469 ής
978 380 1044 450 οάιι
1067 381 1142 450 ἐλά-

115 510 211 580 χιστα
233 489 289 557 καί
312 486 409 567 αὐτοὶ
432 488 542 576 δήπου
565 488 727 576 φέρεσθε,
749 485 813 574 τήν
835 488 976 576 είρήνην
998 489 1057 556 καὶ
1078 486 1141 576 τήν

117 595 313 684 ἀσφάλειαν.
357 598 540 683 τοιγαροῦν
563 594 658 682 μέχρι
680 592 744 680 μὲν
766 596 826 680 τῆς
846 596 959 682 τρίτης
983 593 1142 681 ἐπινεμή-

117 722 201 781 σεως
234 698 375 786 ἀφίεμεν
406 696 489 786 ὑμίν
518 698 644 784 πάντα,
681 697 745 779 ὅσοι
777 700 813 766 ἐκ
844 703 906 767 τοῦ
932 699 1164 787 ,φθάνοντοςε

118 809 259 877 ἐλλείπει
295 804 435 893 χρόνον·
477 802 558 892 μετὰ
589 808 693 872 ταῦτα
723 804 762 873 δὲ
794 809 952 873 είσοίσετε
984 804 1070 873 κατὰ
1103 804 1141 875 τό

118 919 208 993 ἔθος.
250 909 334 999 ὑμῖν
362 937 397 979 τε
424 909 488 998 γὰρ
517 909 586 1000 (τὰ)
618 909 783 998 ἀφιέμενα
809 910 906 998 χάρις
933 911 1052 1000 ίιιανή,
1085 913 1141 980 καὶ

64 1017 199 1107 εννήμῖν
231 1022 300 1087 τῶν
330 1021 457 1086 κοινῶν
489 1016 550 1086 οὐκ
582 1014 774 1105 ἀμελητέον.
817 1017 893 1105 περὶ
921 1016 1053 1086 τούτου
1084 1021 1141 1086 καὶ

118 1139 188 1204 τοίς
211 1124 591 1213 ἐπάρχοιςέπέσταλκα,
623 1121 669 1192 ἵν’
695 1121 715 1210 ἡ
743 1122 839 1212 χάρις
860 1120 944 1210 ὑμίν
967 1128 1017 1204 είς
1040 1129 1140 1213 ἔργον

118 1230 328 1319 προχωρήσῃ.
378 1229 590 1317 ἐρρωμένους
620 1227 708 1317 ὑμᾶς
738 1233 775 1297 οί
803 1228 879 1296 θεοὶ
912 1227 1053 1313 σῶξοιεν
1080 1230 1140 1300 τὸν
1152 1261 1174 1300 ιο

119 1334 250 1404 ἅπαντα
273 1334 407 1426 χρόνον.

489 1475 555 1564 μη’.
601 1476 767 1563 Ζήνωνι.

210 1616 356 1686 Πάντων
375 1617 438 1706 μὲν
457 1618 553 1686 ἕνεκά
572 1645 629 1706 μοι
648 1617 685 1687 τὸ
701 1622 796 1706 σῶμα
811 1617 973 1688 διάκειται
988 1626 1141 1707 μετρίως,

16 1795 20 1799 ,
78 1721 163 1798 Βοά
190 1721 257 1813 μὴν
285 1722 369 1794 ἀλλὰ
395 1725 451 1793 καὶ
477 1722 519 1792 τά
546 1728 604 1812 τής
631 1723 767 1812 χνῶμης
794 1730 860 1812 ἔχει
882 1729 1001 1805 καλῶς.
1049 1723 1141 1814 οἶμαι

81 1854 107 1894 ει
122 1827 154 1897 δ’
180 1830 245 1917 ἐρῶ
276 1830 400 1900 τούτου
431 1837 611 1917 προοίμιον
643 1827 730 1899 εἶναι
758 1831 864 1919 μηδὲν
891 1845 1045 1920 κρεῖττον
1075 1833 1142 1900 ε’πι-
1154 1852 1176 1893 1⁵

121 1940 222 2026 στολή
250 1943 337 2029 φίλω
364 1937 454 2024 παρὰ
482 1943 585 2023 φίλον
611 1940 814 2026 πεμπομένη.
858 1943 951 2016 τίνος
978 1930 1045 2007 οὖν
1074 1941 1143 2008 ἐστι

121 2042 158 2110 τὸ
182 2049 377 2131 προοίμιον;
400 2042 560 2129 αἰτήσεως
583 2040 685 2130 οἶμαι.
729 2048 779 2123 τίς
802 2042 839 2133 δὲ
861 2041 883 2130 ή
904 2052 1051 2131 αίτησις;
1077 2048 1144 2114 ἐπι-

122 2153 251 2217 στολῶν
275 2147 477 2239 ἀμοιβαίων,
500 2144 540 2228 ἀς
562 2157 613 2236 είη
636 2175 675 2236 με
697 2149 752 2216 καὶ
774 2147 857 2216 κατά
881 2147 1041 2219 διάνοιαν
1063 2150 1144 2241 ὁμο-

122 2260 263 2343 λογήσαι
286 2271 357 2336 ταῖς
381 2258 484 2342 ἐμαῖς,
507 2263 599 2323 αίσια
621 2252 711 2344 παρὰ
735 2259 798 2322 σοῦ
821 2253 925 2322 ταάτά
948 2256 1035 2349 πρὸς
1056 2257 1146 2347 ἡμᾶς

123 2360 391 2448 ἐξαγγελλοάσας.
1158 2386 1180 2426 ιο

83 2556 103 2612 C
184 2580 196 2588 ·
270 2535 339 2623 μέλ’.
378 2534 993 2628 Ἀρσακίωάρχιερει*Γαλατίας.

105 2761 107 2764 ¹
212 2675 272 2768 (Ὁ)
296 2676 516 2768 Ἑλληνισμὸς
539 2677 631 2747 οὔπω
655 2678 789 2766 πράττει
812 2677 1025 2767 κατὰλόγον
1048 2681 1146 2772 ἡμῶν

123 2785 220 2853 ἕνεκα
248 2788 315 2853 τῶν
345 2784 528 2872 μετιόντων
552 2781 672 2853 αὐτόν·
703 2783 744 2852 τὰ
767 2783 831 2881 γὰρ
853 2795 921 2853 τῶν
943 2792 1040 2857 θεῶν
1062 2799 1147 2880 λαμ·

14 2878 18 2883 ’
122 2889 189 2978 πρά
216 2891 272 2959 καὶ
297 2890 441 2978 μεγάλα,
472 2896 646 2977 κρείττονα
673 2890 782 2978 πάσης
804 2890 866 2983 μὲν
888 2889 1002 2981 εὐχῆς,
1036 2897 1146 2985 πάσης
1197 2891 1201 2902 ’

192 3073 261 3130 'lvd
279 3076 341 3142 add.
360 3079 427 3130 Rsk.
446 3084 475 3130 ei
493 3079 520 3128 H
564 3081 596 3131 10
608 3085 637 3131 et
650 3081 680 3130 11
701 3072 916 3144 ἐρρωμένονς-
921 3075 1042 3198 χρόνον]
1062 3087 1145 3138 Haec

124 3153 300 3198 accesserunt
317 3161 332 3197 e
350 3146 415 3197 Bar.
468 3149 499 3196 12
520 3138 635 3212 Ζήνωνι
653 3147 758 3198 addidit
776 3148 910 3211 Heylere

124 3212 245 3278 scriptus
262 3220 306 3279 σοι
324 3211 381 3266 τῶν
389 3206 566 3279 Ἑλληνικῶν
578 3207 735 3267 ἐπιστολῶν
748 3208 922 3282 ἀνθολοηίοι,
942 3218 1062 3271 Parisiis
1077 3222 1144 3273 1605

124 3280 216 3357 edito,
256 3284 287 3332 16
306 3280 395 3347 φίλον
412 3281 479 3333 Rsk.
499 3287 528 3332 ei
546 3278 585 3350 H]
606 3281 693 3348 φίλον
752 3284 784 3333 19
802 3275 895 3335 ταάτά
914 3285 1032 3351 Heyler]
1049 3287 1144 3340 ταῦτα

122 3364 155 3413 v,
173 3365 271 3401 ποντα
288 3349 356 3400 Rsk.
400 3352 432 3400 21
451 3349 493 3401 Ex
511 3348 663 3402 Sozomeno
681 3351 774 3414 v,·16.
801 3351 869 3402 Post
888 3352 1039 3414 Γαλατίας
1057 3357 1143 3420 vulgo

123 3417 233 3469 additur
250 3409 385 3482 ἐπιστολή
394 3406 557 3470 Ἰονλιανοά
577 3415 725 3486 βασιλέως,
744 3433 815 3484 quae
829 3419 982 3484 Heyler=ut
995 3423 1143 3475 sozomeni

123 3482 226 3546 abjecit
293 3487 326 3533 22
344 3477 360 3534 ὁ
378 3485 483 3536 addidit
500 3486 585 3540 Hrch.

938 3151 1014 3216 ihm,
1034 3154 1085 3218 qui
1102 3156 1144 3205 in-
