2416 3864
314 164 495 216 EPISTOLA
513 166 563 216 AD
582 164 825 218 THEMISTIUM.
1012 166 1076 230 345

58 288 157 380 ὑμῶν
189 290 389 379 ἐπιτιμήσεις
424 288 642 380 ἀπελυσάμην
677 297 725 373 είς
762 292 916 381 δύναμιν.
962 299 1075 382 διδοίη

59 398 98 468 δέ
126 393 143 466 ὁ
172 395 255 478 θεὸς
286 399 348 484 τὴν
381 395 522 486 ἀρίστην
553 397 658 486 τύχην
690 399 745 467 καὶ
778 399 946 487 φρόνησιν
978 398 1076 481 ἀξίαν

58 508 119 593 τῆς
145 503 261 592 τύχης,
290 499 335 584 ῶς
367 501 431 589 ἐγω
460 506 529 572 νῦν>
553 509 591 573 ἐκ
615 531 651 573 τε
678 507 739 574 τοῦ
767 511 955 595 κρείττονος
981 504 1019 574 τό
1038 533 1076 592 γε

59 613 163 680 πλέον
194 611 250 678 καὶ
282 607 361 698 παρ’
395 605 491 698 ὑμῶν
527 605 638 700 ἀπάση
666 614 798 700 μηχανῇ
833 615 901 680 τῶν
933 620 1129 699 φιλοσο-αοτ

34 717 224 806 εφοάυτων
256 718 443 803 βοηδητέος
474 712 565 784 εἶναί
589 729 645 803 μοι
677 720 782 804 δοκῶ,
813 720 1077 806 προτεταγμένος

59 820 158 912 ὑμῶν
190 823 247 890 καὶ
273 821 559 913 προκινδυνεύων.
605 828 637 890 εί
668 826 708 891 δέ
735 850 767 890 τι
798 831 911 911 μεῖζον
943 821 1078 909 ἀγαθὸν

60 933 121 1018 τῆς
157 926 317 1017 ἡμετέρας
352 930 564 1017 παρασκευῆς
601 927 695 1018 (καὶ)
731 920 771 1017 ἧς
808 924 892 1018 ὑπὲρ
931 932 1078 1019 ἐμαυτοῦ

62 1034 197 1124 γνῶμης
224 1039 287 1123 ἐγω
314 1048 384 1114 τοῖς
411 1030 607 1123 ἀνθρώποις
634 1031 680 1103 δι’
710 1030 806 1123 ἡμῶν
825 1030 843 1103 ὃ
862 1033 944 1117 θεὸς
970 1036 1075 1125 παρά-
1111 1083 1114 1087 «

62 1163 153 1230 σχοι,
185 1146 398 1229 χαλεπαίνειν
430 1136 473 1208 οὐ
503 1138 565 1229 χρὴ
597 1138 681 1231 πρὸς
707 1138 788 1222 τοὺς
819 1139 919 1229 ἐμοὺς
945 1141 1075 1227 λόγους.

22 1285 48 1323 ιο
63 1247 129 1335 ἐγῶ
157 1246 220 1338 γάρ
240 1243 343 1315 οὐδὲν
367 1249 498 1339 ἐμαυτῷ
518 1245 682 1328 συνειδὼς
709 1245 843 1334 ἀγαθὸν
861 1246 949 1335 πλὴν
976 1251 1075 1317 τοῦτο

62 1355 185 1442 μόνον,
222 1350 274 1422 ὅτι
305 1352 391 1441 μηδέ
426 1361 538 1440 οἴομαι
569 1352 611 1422 τὰ
636 1354 774 1442 μέγιστα
806 1359 894 1441 ἐχειν
926 1361 1012 1442 ἔχων
1039 1380 1077 1440 γε

63 1457 177 1546 οάδέν,
205 1455 250 1540 ῶς
277 1453 361 1550 ὁρῶς7
384 1455 496 1542 αάτός,
524 1459 659 1540 εἰκότως
685 1463 755 1548 βοῶ
783 1461 839 1530 καὶ
867 1460 1076 1550 μαρτύρομαι

63 1564 108 1655 μὴ
142 1565 267 1653 μεγάλα
299 1561 378 1655 παρ’
414 1559 509 1653 ἡμῶν
541 1561 708 1651 ἀπαιτεῖν,
744 1563 827 1634 ἀλλά
858 1569 904 1658 τῷ
935 1570 1007 1659 θεῷ
1038 1566 1114 1636 τὸΒ

63 1674 132 1742 πῶν
160 1673 357 1760 ἐπιτρέπειν·
391 1667 478 1740 οὕτω
507 1668 571 1760 γάρ
603 1669 668 1757 ἐγῶ
700 1674 769 1739 τῶν
795 1697 829 1739 τε
857 1672 1081 1761 ἐλλειμμάτων

22 1814 49 1854 15
65 1789 139 1867 εἴην
167 1773 210 1846 ἀν
238 1774 429 1858 ἀνεύθυνος
456 1782 536 1863 καί,·
551 1779 743 1865 γενομένων
762 1772 922 1845 ἁπάντων
949 1778 1080 1864 δεξιῶν,

65 1883 250 1972 εὐγνώμων
269 1879 312 1951 ἀν
339 1884 395 1951 καὶ
413 1883 543 1972 με’τριος
570 1893 654 1971 εἴην,
682 1879 745 1952 οὐκ
767 1879 953 1969 ἀλλοτρίοις
980 1886 1079 1970 ἐμαν-

63 1990 125 2062 τὸν
144 1996 256 2080 ἔργοις
274 1989 480 2078 ἐπιγράφων,
502 1990 548 2081 τῷ
567 1992 638 2080 θεῷ
657 1990 706 2074 δέ,
725 1985 835 2077 ῶσπερ
854 1979 918 2056 οὖν
937 1994 1080 2076 δίκαιον,

64 2092 377 2188 προσαυατεδεικῶς
404 2092 534 2164 ἅπαντα
562 2091 665 2176 αὐτός
690 2121 725 2163 τε
753 2104 884 2183 εἴσομαι
911 2095 967 2162 καὶ
995 2090 1082 2195 ὑμᾶς

64 2203 239 2293 προτρέπω
266 2200 329 2290 τὴν
355 2200 453 2290 ’χάριν
480 2201 614 2269 είδέναι.

152 2410 239 2458 30t4
259 2403 293 2459 τό
310 2421 343 2473 γε
360 2402 449 2458 πλέον
467 2404 534 2457 ask.
554 2410 582 2456 et
599 2404 635 2473 H]
659 2397 693 2458 τό
711 2423 743 2474 γε
764 2402 862 2459 πλέον.
892 2406 927 2459 cf.
947 2405 1030 2457 1220
1049 2403 1083 2457 τό

65 2492 98 2543 γε
122 2471 241 2528 ἔλαττον
325 2477 343 2524 4
364 2472 421 2526 τῶν
444 2465 683 2540 φιλοσοφούντων
706 2479 769 2540 post
789 2469 872 2541 ὑμῶν
891 2473 1082 2526 collocandum

66 2546 80 2596 7
100 2541 274 2609 παρασκευῖ
282 2582 287 2592 .
302 2537 315 2593 .“
336 2528 368 2608 ἦ.
390 2541 424 2607 V,
442 2541 626 2607 παρασκευῆς
643 2529 679 2607 ἧς
696 2559 714 2593 v
801 2538 832 2593 12
855 2541 912 2608 βοῶ
929 2540 1011 2607 ask]
1027 2539 1082 2658 φιῶ

68 2615 100 2663 14
117 2603 299 2677 ἐλειμμάτων
315 2609 341 2660 V
428 2611 460 2660 18
482 2605 754 2670 ποοσανατεθεικδς
772 2610 895 2674 Lennep.
915 2610 949 2660 ad
968 2609 1027 2659 Pha
1040 2625 1079 2659 ar.

66 2681 137 2745 Epp.
156 2695 183 2744 p.
198 2681 256 2744 158,
270 2676 298 2743 a]
318 2672 574 2742 προανατεδεικῶς
