2446 3870
132 141 197 204 260
432 143 576 199 lumem
596 143 846 195 ιιιεεεεεοιαε

133 271 258 337 ἐπιέναι
286 270 342 338 καὶ
360 277 602 358 προκαλεῖσθαι
620 271 675 338 καὶ
693 272 753 357 τῆς
775 265 895 356 ἀγέλης
923 251 1150 357 άμφισβητείν

132 390 203 456 τοῖς
230 377 508 465 προκατέχουσιν,
536 370 582 456 ὡς
608 379 736 463 μάλλον
762 371 962 464 ἀξιωτέρους
989 383 1150 464 προίστα-

134 492 224 550 σθαι.
271 478 360 562 ὅστις
392 472 456 550 οὖν
487 488 633 564 κυνίζειν
666 484 773 551 ἐθέλει
801 481 881 569 μήτε
913 479 973 550 τὸν
999 489 1151 570 τρίβωνα

81 588 217 675 201μήτε
240 585 302 676 τήν
329 587 441 676 πήραν
468 589 547 675 μήτε
574 585 637 675 τήν
663 593 848 675 βακτηρίαν
876 588 931 656 καὶ
950 584 1012 676 τήν
1039 589 1150 677 κόμην

134 692 292 782 ἀγαπάτω
320 695 437 782 μόνον,
466 691 511 761 ἵν’
527 691 652 783 ’ὥσπερ
671 697 708 764 ἐν
726 693 818 782 κόμη
837 698 955 787 βαδίζη
983 701 1177 784 κουρείωνς

133 803 189 870 καί
226 805 471 870 διδασκαλείων
508 802 616 869 ἐνδεεῖ
651 798 793 889 άκαρτος
830 801 887 869 καὶ
925 797 1151 888 ἀγράμματος,

134 904 217 976 ἀλλὰ
244 905 304 976 τὸν
331 906 438 993 λόγον
452 903 527 975 άντί
544 910 606 975 τοῦ
634 907 803 996 σκήπτρου
821 907 877 976 καὶ
904 904 966 993 τήν
994 912 1152 976 ἔνστασιν

135 1010 210 1081 ἀντὶ
237 1017 294 1102 τής
326 1013 433 1102 πήρας
459 1016 517 1102 τής
549 1016 689 1101 κυνικής
720 1009 982 1107 ὑπολαμβανέτω
1012 1021 1152 1100 φιλοσο-

135 1126 215 1208 φίας
243 1126 466 1208 γνωρίσματα.
512 1127 681 1209 παρρησίᾳ
709 1119 746 1187 δέ
765 1120 925 1207 χρηστέον
944 1114 1036 1209 αὐτῷ
1061 1122 1152 1206 πρω-

133 1254 194 1295 τον
213 1222 341 1295 ὁπόσου
369 1227 519 1312 πέφυκεν
538 1222 629 1305 άξιος
647 1226 894 1316 ἐπιδειξαμένφ,
923 1221 1033 1313 ὥσπερ
1059 1223 1152 1313 οἶμαι
1168 1265 1192 1302 10

134 1331 268 1420 Κράτης
294 1332 351 1398 καὶ
379 1331 560 1416 Διογένης,
593 1336 628 1398 οἳ
653 1333 765 1399 πᾶσαν
791 1330 853 1419 μὲν
885 1326 1025 1418 άπειλήν
1051 1331 1154 1419 τύχης

99 1438 191 1506 Βκαὶ
220 1446 284 1506 είτε
311 1432 451 1504 παιδιάν
470 1445 533 1503 είτε
560 1442 741 1524 παροινίαν
764 1435 826 1526 χρή
855 1435 961 1524 φάναι
987 1440 1154 1506 τοσοῦτον

136 1541 283 1631 ἀπέσχον
308 1544 370 1610 τοῦ
399 1540 571 1623 δυσκόλως
589 1545 748 1629 ε’νεγκείν,
777 1541 860 1612 ὥστε
884 1537 986 1623 άλοός
1004 1542 1067 1630 μέν
1085 1538 1152 1612 ὑπὸ

135 1653 204 1718 τάν
236 1651 508 1719 καταποντιστῶν
541 1644 559 1718 ὁ
592 1652 758 1736 Διογένης
791 1655 934 1734 ἔπαιζεν,
968 1644 985 1716 ὁ
1019 1648 1154 1737 Κράτης

137 1758 173 1824 δὲ
203 1758 398 1844 ἐδημοσίευε
424 1753 487 1842 τήν
515 1751 650 1842 οὐσίαν,
679 1754 749 1824 εἶτα
778 1755 854 1842 [εἰς]
883 1753 920 1823 τὸ
949 1757 1044 1842 σῶμα
1073 1761 1154 1842 βλα-
1169 1791 1192 1831 15

137 1865 207 1951 βείς
234 1869 402 1932 ἔσκωπτεν
435 1858 557 1930 ἑαυτὸν
585 1860 671 1951 (είς)
699 1858 762 1949 τήν
793 1860 963 1949 χωλότητα
990 1863 1052 1930 τοῦ
1081 1864 1154 1930 σκέ-

138 1980 217 2052 λους
254 1970 310 2040 καὶ
342 1967 379 2039 τό
412 1964 537 2057 κυρτὸν
573 1969 641 2036 τάν
674 1965 790 2056 ιόμων,
823 1966 998 2056 ἐπορεύετο
1032 1966 1070 2035 δὲ
1102 1969 1155 2036 ἐπὶ

137 2074 196 2158 τάς
222 2080 291 2145 τῶν
319 2083 429 2163 φίλων
457 2075 566 2155 ἑστίας
594 2070 734 2162 άκλητος
761 2075 970 2161 κεκλημένος,
998 2073 1155 2142 διαλλάσ-

140 2204 210 2252 σων
236 2180 317 2262 τοὺς
345 2179 569 2260 οἰκειοτάτους
597 2176 761 2269 άλλήλοις,
789 2189 898 2249 είποτε
921 2179 1158 2261 στασιάζοντας

105 2295 310 2374 Οαίοθοιτο,
344 2289 479 2373 ἐπετίμα
511 2284 550 2354 δὲ
582 2282 624 2354 οὐ
656 2284 737 2374 μετὰ
773 2293 920 2374 πικρίας,
959 2282 1042 2353 άλλά
1074 2283 1157 2374 μετὰ
1171 2323 1197 2362 20

140 2394 287 2482 χάριτος,
321 2389 384 2480 οὐχ
416 2395 473 2459 ’ίνα
506 2406 732 2478 συκοφαντεῖν
765 2395 848 2480 δοκή
880 2388 960 2472 τοὺς
987 2413 1157 2480 σωφρονι-

141 2501 295 2585 σδέντας,
323 2493 466 2584 ὠφελεῖν
494 2495 531 2565 δέ
559 2498 688 2566 ἐθέλων
711 2494 835 2579 αὐτούς
861 2525 896 2565 τε
924 2499 1073 2578 ἐκείνους
1101 2499 1158 2566 καὶ

124 2603 220 2686 ,τοὺς
247 2601 440 2684 ἀκούοντας.
485 2604 541 2696 καὶ
569 2600 611 2672 οὐ
638 2606 737 2673 τοῦτο
765 2595 809 2692 ήν
835 2601 872 2672 τὸ
901 2602 1159 2691 προηγούμενον

141 2709 256 2792 αὐτοῖς
283 2712 385 2796 τέλος,
413 2706 500 2796 ἀλλ’,
528 2705 609 2798 ὅπερ
629 2715 727 2798 ἔφην,
756 2708 924 2779 ἐσκόπουν
942 2705 1032 2790 ὅπως
1059 2705 1160 2778 αὐτοὶ

141 2818 203 2908 μὲν
239 2814 545 2904 εὐδαιμονήσωσιν,
583 2821 675 2904 ἔμελε
712 2815 750 2884 δὲ
787 2812 901 2897 αὐτοῖς
936 2818 1005 2883 τῶν
1046 2812 1199 2893 άλλωνςς

141 2927 307 2995 τοσοῦτον
335 2920 418 2992 ὅσον
444 2924 603 3004 ξυνίεσαν
630 2920 723 3010 οἶμαι
743 2921 844 3009 φύσει
872 2918 1074 2991 κοινωνικόν
1101 2923 1160 2990 καὶ

211 3183 227 3229 2
246 3171 421 3245 ἀξιωτέρους
438 3175 475 3244 Η]
494 3169 596 3239 άξίους
614 3177 685 3236 Pet..
704 3168 859 3242 ἀξιώτερον
877 3190 895 3226 v
964 3210 966 3213 -
984 3177 1015 3225 12
1032 3171 1161 3227 παιδιάν

144 3247 241 3312 epanh.
273 3247 307 3296 de
337 3245 449 3298 Petevii
477 3241 680 3308 emendatione]
707 3241 849 3294 παιδείαν
880 3247 936 3306 pet.
1030 3245 1063 3293 15
1093 3235 1162 3308 ἐδη-

144 3313 277 3380 μοσίευσε
296 3310 342 3380 ΗΙ
359 3309 400 3373 είς
417 3312 531 3363 inclusit
547 3313 576 3362 H
645 3314 677 3361 16
700 3305 743 3371 είς
761 3310 823 3360 edd.
841 3309 909 3362 Rek.
925 3315 953 3360 et
970 3310 998 3360 Η
1067 3312 1103 3362 23x
1125 3303 1159 3362 οὐ

145 3382 243 3444 spanh.
269 3397 304 3431 ex
330 3380 524 3432 emendatione
548 3379 659 3430 Petavii
703 3373 756 3444 [εί]
785 3383 840 3441 pet.
926 3379 960 3428 25
984 3367 1161 3443 εόδαιμονή-

137 3450 269 3579 Ισουχινῐλ
282 3445 288 3512 Ι
298 3442 387 3568 ὲέμελε
405 3449 463 3499 Pet.
481 3454 510 3498 et
529 3443 637 3512 epenh.]
673 3446 758 3512 μιλλε
776 3450 833 3511 pet.
901 3447 934 3496 26
953 3439 1036 3510 οἶμαι
1053 3445 1163 3501 Horke·

148 3531 196 3565 ινα
228 3531 245 3566 0
273 3532 331 3582 μν
