2416 3864
134 135 198 202 356
438 137 582 190 mmm
599 139 851 192 IMPERATORIS
902 157 903 161 ι

135 267 254 354 μένων.
306 262 434 334 οὐκοῦν
466 263 554 346 είκὸς
591 261 715 346 αὐτοὺς
742 250 835 358 κὑπὲρ
871 270 940 336 τῶν
975 268 1148 358 παρόντων

136 359 360 441 ἐπίστασθαι(
393 373 475 452 τέως
506 369 568 458 μὲν
605 361 670 440 οὖν
702 373 812 442 ἐδόκει
848 400 905 460 μοι
936 371 1022 442 κατὰ
1053 379 1148 444 τοῦτο

136 479 343 568 σννετωτέρα
369 480 428 565 τῆς
446 483 638 566 ἔμπροσθεν
655 474 676 565 ἡ
696 480 836 568 δεντέρα
855 479 980 568 μνῶμη.
1017 485 1149 551 σκοπῶν

138 584 175 654 δδ
202 589 249 666 εἰς
276 582 313 652 τὸ
343 588 476 653 δίκαιον
498 580 632 664 Ιεῶθέως
659 589 764 672 ἐφην·
801 583 886 653 Εἶτα
913 583 958 653 σὺ
984 585 1047 674 μὲν
1075 584 1150 673 άντ-

136 705 279 777 νακτεῖς,
308 698 342 758 εί
364 715 396 758 τι
423 691 491 759 τῶν
519 691 590 758 σῶν
617 689 794 778 κτημάτων
821 687 1022 781 ἀποστεροίη
1043 712 1082 761 σε
1099 696 1171 781 τῆςε

138 799 261 866 ἑαυτοῦ
290 795 438 885 χρήσεως
456 791 476 883 ἢ
496 797 552 864 καλ
571 792 815 886 ἀποδιδράσκοι
842 797 1065 885 καλούμενον,
1093 795 1152 868 κάν

98 907 238 984 Οἴνοπος
265 902 348 991 τύχη
376 897 441 972 κάν
467 901 639 991 πρόβατον
656 897 721 971 κάν
739 907 884 990 βοίδιον,
912 900 1097 991 ἄνθρωπος
1119 904 1151 974 δὲ

137 1008 226 1078 εἶναι
267 1007 473 1096 βουλόμενος
515 1004 596 1077 οὐδὲ
636 1011 705 1076 τῶν
747 1005 914 1093 άμελαίων
960 1006 1043 1079 οὐδὲ
1089 1013 1152 1078 τῶν

139 1117 381 1205 σνρφετωδῶν,
414 1111 497 1182 άλλά
529 1116 597 1182 τῶν
630 1115 783 1183 ἐπιεικῶν
814 1115 870 1182 καὶ
902 1120 1047 1205 μετρίων
1074 1113 1152 1185 άπο-

140 1235 265 1311 στερεϊς
297 1222 441 1289 σεαυτοῦ
473 1217 552 1300 τοὺς
578 1217 684 1301 θεοὺς
715 1221 771 1289 καλ
799 1217 862 1289 οὐκ
888 1222 1073 1309 ἐπιτρέπεις
1100 1217 1150 1310 ἐφ’
1165 1245 1185 1285 ιο

140 1324 207 1413 ό,τι
240 1322 283 1394 άν
315 1326 457 1394 ἐθέλωσι
488 1324 683 1416 χρήσασθαί
711 1346 785 1408 σοις
823 1323 886 1415 ὅρα
918 1324 962 1414 μὴ
995 1323 1081 1416 πρὸς
1112 1331 1154 1420 τῷ

139 1438 217 1501 λίαν
245 1428 404 1521 άφρόνως
421 1431 477 1500 καὶ
495 1434 565 1500 τῶν
593 1436 734 1501 δικαίων
752 1435 821 1500 τῶν
839 1430 923 1521 πρὸς
950 1430 1032 1514 τούς
1053 1432 1155 1514 θεοὺς

140 1535 310 1629 ὀλιγώρως
336 1536 489 1627 πράττῃς.
538 1533 558 1625 ἡ
588 1536 626 1606 δὲ
653 1535 792 1627 άνδρεία
824 1540 891 1606 ποῶ
922 1539 978 1607 καὶ
1006 1545 1073 1625 τίς,
1105 1566 1155 1626 με·

140 1653 242 1714 λοϊον.
280 1645 410 1733 ἕτοιμος
437 1647 523 1730 γοῦν
541 1642 573 1712 εί
599 1644 654 1713 καὶ
681 1646 857 1713 θωπεῦσαι
874 1645 930 1713 καὶ
957 1648 1156 1715 κολακεῦσαι

98 1754 210 1822 Βδέει
237 1753 298 1820 τοῦ
325 1749 490 1837 θανάτου,
518 1747 594 1831 ἐξὸν
621 1745 751 1819 ἅπαντα
777 1757 977 1838 καταβαλεῖν
1005 1752 1063 1820 καὶ
1090 1765 1189 1832 τοίςιε

140 1869 235 1939 θεοῖς
268 1859 440 1948 ἐπιτρέψαι
472 1855 628 1947 πράττειν
656 1851 700 1937 ῶς
732 1855 928 1943 βούλονται,
962 1857 1155 1945 διελόμενον

141 1962 225 2055 πρὸς
262 1961 387 2051 αὐτοὺς
424 1960 486 2051 τὴν
517 1963 704 2050 ἐπιμέλειαν
735 1959 798 2050 τὴν
830 1963 968 2058 ἑαυτοῦ,
1004 1963 1155 2051 καθάπερ

142 2067 244 2141 καλό
265 2069 447 2159 Σωκράτης
474 2066 581 2157 ἠξίου,
608 2068 665 2137 καὶ
691 2065 732 2136 τά
759 2066 821 2155 μὲν
839 2069 892 2136 ἐπὶ
921 2068 974 2136 σοὶ
1002 2068 1156 2158 πράττειν

143 2174 188 2259 ῶς
215 2173 259 2245 άν
287 2178 469 2264 ἐνδέχηται,
496 2174 533 2243 τὸ
563 2173 600 2243 δὲ
619 2171 700 2244 ὅλον
728 2170 779 2242 ἐπ’
809 2175 949 2254 ἐκείνοις
976 2186 1157 2261 ποιεῖσθαι,

142 2285 324 2370 κεκτῆσθαι
352 2280 390 2350 δὲ
417 2279 523 2369 μηδὲν
550 2277 634 2368 μηδὲ
663 2275 834 2368 ἁρπάζειν,
861 2277 902 2348 τδι
930 2280 1094 2368 διδόμενα
1122 2279 1157 2349 δὲ
1170 2305 1193 2344 ιο

143 2385 221 2477 παρ’
253 2383 366 2455 αὐτῶν
388 2383 548 2473 Ιοἰσφαλῶς
571 2387 737 2474 δέχεσθαι.
773 2384 899 2473 ταύτην
926 2384 991 2472 ἐγῶ
1019 2393 1160 2474 νομίσας

91 2490 213 2565 νιτοῶκ
240 2489 374 2581 ἀσφαλῆ
407 2486 545 2580 μόνον,
562 2488 645 2560 ἀλλά
677 2493 873 2581 πρέπουσαν
905 2488 1005 2577 ἀνδρὶ
1038 2498 1160 2583 μετρίφ

149 2598 298 2688 μνῶμην,
327 2600 395 2666 ἐπεὶ
423 2598 479 2666 καὶ
499 2595 567 2688 (τά)
596 2600 664 2666 τῶν
681 2600 774 2667 θεῶν
792 2596 949 2685 ἐσήμαινε
976 2596 1095 2686 ταύτῃ·
1123 2595 1159 2666 τδ
1199 2659 1201 2662 ,

144 2705 208 2797 γὰρ
240 2702 419 2793 ἐπιβουλάς
451 2701 701 2792 εὐλαβούμενον
732 2701 792 2784 τάς
823 2703 1008 2791 μελλούσας
1036 2709 1084 2786 είς
1112 2708 1160 2772 αί-

145 2810 249 2904 σχρδν
267 2813 322 2881 καὶ
341 2813 514 2902 προῦπτον
533 2814 688 2898 ἐμβαλεῖν
707 2807 830 2878 ἑαυτὸν
853 2814 1018 2879 κίνδυνον
1042 2812 1162 2890 δεινῶς
1174 2833 1195 2873 ιτ

144 2918 300 3010 ἐφαίνετό
332 2945 388 3007 μοι
420 2919 636 3007 θορυβῶδες·
670 2913 754 2996 εἶξαι
786 2916 842 2984 καὶ
875 2910 1060 3003 ὑπήκουσα.
1107 2917 1161 2985 καὶ

195 3097 311 3182 ’4οδ]
332 3094 366 3153 οῶ
386 3108 440 3182 ρρι.
521 3097 588 3181 535
601 3115 628 3150 τι
646 3100 706 3149 Pe&
726 3097 836 3180 ηεροδ]
856 3097 944 3177 εἴτις
1024 3090 1163 3186 δάποδι-

147 3164 1164 3310 ῗὲλζέἐρῖῗι·οῶλῖὣδραόῗζηφιιλοῖῶκῃοῗά]τῖἕὲλλοίωὼῗό

147 3303 270 3358 σεαντοῶ
287 3301 327 3372 Η]
348 3297 453 3356 ἐαντοῶ
525 3304 557 3354 11
575 3297 626 3370 τω]
646 3295 678 3352 ιδ
696 3306 752 3366 pet,
823 3304 854 3352 13
871 3299 920 3379 τίς
933 3299 968 3364 V]
987 3317 1030 3360 τις
1051 3299 1057 3367 1
1078 3302 1165 3367 „Post

147 3377 262 3438 γελοῖον
280 3373 388 3423 videtur
407 3367 500 3424 εἰπεῖν
521 3367 644 3423 deesse.“
667 3368 735 3418 Rsk.
817 3371 849 3419 14
868 3383 939 3436 ηοον
956 3364 993 3436 V]
1014 3356 1068 3421 οὖν
1100 3367 1105 3435 l
1138 3363 1165 3421 ελ

147 3438 224 3522 Pet]
250 3435 276 3492 εί
363 3441 395 3490 18
413 3431 466 3504 Ιἐπὶ
484 3434 529 3489 σοὶ
547 3435 582 3503 V]
601 3428 651 3488 ἐπί
666 3449 710 3486 σοι
780 3438 812 3487 23
835 3431 870 3487 τά
894 3435 950 3487 τῶν
972 3435 1032 3490 Pet.
1052 3434 1160 3502 τροπὴ]

148 3524 205 3558 των
