2446 3870
153 139 215 204 158
454 142 599 195 ιοτιιωι
621 140 866 192 ωιεοοιοοωιε

154 266 278 350 ἀδόξου
307 270 483 360 συμφορᾶς
510 277 615 349 αίτιος
642 270 786 355 γένηται.
831 271 935 335 ταῦτα
968 266 1033 355 ἐγὼ
1061 270 1170 354 ε’λογι-

155 375 258 463 ζόμην
286 378 323 444 ίν
341 376 438 444 νυκτὶ
466 374 640 461 βουλεύων
663 375 718 443 καὶ
738 370 783 443 δι’
813 368 937 463 ἡμέρας
964 371 1037 442 κατ’
1067 375 1169 462 ε’μαν-

99 479 218 549 1ε3τὸν
242 481 535 568 ἐπισκοπούμενος,
564 481 713 560 σύννους
736 475 784 549 ῶν
803 477 854 548 ἀεὶ
881 475 937 548 καὶ
957 480 1170 569 σκυθρωπός.

153 583 172 655 ὁ
201 601 356 673 γενναῖος
383 586 420 655 δὲ
448 588 503 655 καὶ
526 598 620 667 θεῖος
639 584 774 674 ἀληθῶς
801 582 1016 675 αύτοκράτῳρ
1043 582 1171 675 ἀφῄρει

151 718 184 760 τι
211 693 343 773 πάντως
376 696 443 762 τῶν
476 689 655 779 ἀλγεινῶν,
688 699 799 780 ἔργοις
829 693 885 760 καὶ
917 691 1029 777 λόγοις
1059 695 1200 780 τιμῶντ

153 800 207 867 καὶ
239 799 461 888 χαριζόμενος.
505 801 597 880 τέλος
630 798 667 868 δὲ
693 796 755 886 τὴν
786 803 943 886 βασιλίδα
975 814 1169 886 προσειπεῖν

151 904 292 991 κελεύει,
324 905 453 995 θάρσος
484 932 519 974 τε
550 901 631 994 ἡμῖν
663 903 820 985 ἐνδιδούς
851 905 906 973 καὶ
937 906 1000 972 τού
1031 903 1169 994 σφόδρα

151 1010 322 1080 πιστεύειν
350 1026 509 1098 γενναῖον
527 1003 567 1081 εύ
583 1011 672 1100 μύλα
698 1012 853 1101 παρέχων
880 1009 1063 1100 γνώρισμα.
1100 1009 1168 1096 ἐγῶ

153 1116 189 1185 δὲ
222 1116 335 1205 ἐπειδὴ
364 1121 499 1207 πρῶτον
532 1119 565 1198 ἐς
597 1115 677 1198 ὅφιν
705 1119 833 1204 ἐκείνης
865 1108 988 1203 ἦλθον,
1015 1106 1168 1186 ε’δόιιονν

151 1221 212 1308 μὲν
243 1220 354 1312 ῶσπερ
382 1225 419 1291 ἐν
444 1225 521 1314 ίερῶ
548 1224 801 1312 καθιδρυμένον
829 1220 959 1310 ἀγαλμα
987 1223 1167 1312 σωφροσύ-
1184 1247 1213 1286 10

109 1339 214 1414 Βνης
241 1323 337 1416 όράν·
367 1325 470 1408 αίδῶς
497 1327 535 1395 δὲ
562 1330 668 1415 ἐπεῖχε
690 1327 752 1416 τὴν
770 1328 893 1416 ψυχήν,
920 1330 976 1397 καὶ
1004 1329 1168 1416 ἐπίπηκτό

150 1459 207 1518 μοι
238 1431 321 1501 κατά
354 1435 415 1521 γης
445 1431 486 1501 τά
523 1431 653 1521 όμματα
690 1431 818 1522 συχνὸν
850 1436 999 1514 ἐπιεικῶς
1030 1435 1168 1524 χρόνον,

150 1539 212 1619 ἕως
239 1541 348 1626 ἐκείνη
376 1549 518 1629 θαρρεῖν
546 1542 683 1609 ἐκέλευε.
728 1542 785 1609 καὶ
816 1538 863 1609 T&
890 1542 967 1628 με’ν,
996 1545 1071 1628 ἔφη,
1099 1539 1166 1629 ἤδη

149 1641 228 1734 παρ’
258 1640 353 1734 ἡμῶν
385 1650 483 1734 ἔχεις,
515 1644 555 1713 τά
583 1646 621 1714 δὲ
652 1648 706 1714 καὶ
734 1648 816 1727 ἕξεις
848 1644 913 1714 σὺν
940 1649 1025 1738 θεῷ,
1058 1646 1167 1734 μόνον

150 1755 181 1818 εί
220 1747 335 1832 πιστός
371 1753 426 1820 καὶ
468 1757 597 1833 δίκαιος
633 1758 680 1833 είς
721 1748 806 1839 ἡμᾶς
842 1754 964 1840 γένοιο.
1018 1757 1166 1822 τοσαῦτα
1183 1775 1210 1815 15

149 1853 278 1943 ἤκουσα
311 1857 444 1946 σχεδόν·
483 1855 564 1927 οὐδὲ
597 1856 661 1947 γάρ
694 1856 779 1946 αύτη
815 1867 932 1928 πλεῖον
968 1859 1167 1946 ἐφθέγξατο,

148 1965 205 2032 καὶ
237 1967 340 2033 ταῦτα
373 1966 571 2053 ἐπισταμένη
604 1968 672 2033 τῶν
704 1970 871 2051 γενναίων
904 1965 1055 2055 ῥητόρων
1072 1963 1167 2036 οὐδὲ

149 2072 186 2138 ἓν
215 2073 444 2161 φαυλοτέρους
471 2068 689 2158 ἀπαγγέλλειν
716 2071 846 2157 λόγους.
883 2069 1004 2158 ταύτης
1023 2069 1088 2158 ἐγῶ
1107 2075 1167 2160 της

149 2176 324 2258 ἐντεύξεως
357 2174 557 2263 ἀπαλλαγεὶς
589 2176 723 2267 σφόδρα
756 2176 931 2264 ἐθαύμασα
963 2179 1019 2246 καὶ
1056 2179 1166 2259 ἐξεπε-

108 2280 314 2370 Οπληγμην,
342 2284 491 2372 ἐναργῶς
514 2287 625 2352 δοκῶν
653 2280 831 2370 ἀκηκοέναι
850 2283 1074 2373 σωφροσύνης
1103 2281 1165 2352 αύ-
1179 2305 1206 2344 20

148 2388 207 2474 τῆς
236 2390 484 2475 φθεγγομένης·
514 2386 603 2456 οὕτω
631 2393 742 2480 πρᾷον
769 2380 812 2476 ἦν
839 2385 924 2478 αὐτῇ
952 2391 1090 2477 φθέγμα
1108 2392 1166 2460 καὶ

147 2499 311 2581 μείλιχον,
343 2506 415 2574 ταῖς
452 2497 545 2581 ἐμαῖς
577 2491 693 2575 ἀκοαῖς
730 2497 1028 2584 ἕγκαθιδρνμένον.
1082 2496 1166 2582 βού-

147 2606 249 2668 λεσθε
277 2590 340 2668 οὖν
363 2599 403 2667 τὰ
421 2599 502 2687 μετά
521 2603 626 2669 ταύτα
653 2600 753 2670 πόλιν
781 2607 863 2690 ἔργα
890 2602 946 2670 καί
974 2599 1037 2670 ὅσα
1065 2607 1164 2692 ἔδρα-

148 2723 207 2773 σεν
234 2699 319 2793 ἡμᾶς
347 2702 460 2791 ἀγαθά
478 2704 557 2775 καθ’
588 2709 729 2776 ἕκαστον
753 2709 1034 2797 λεπτουργούντες
1058 2704 1164 2796 ἀπαγ-

82 2854 85 2859 -
148 2812 329 2900 γε’λλωμενς
352 2807 373 2898 ἢ
397 2811 438 2880 τά
460 2840 498 2900 γε
522 2815 682 2883 ἐντεῦθεν
701 2809 836 2903 ἀθρόως
855 2813 995 2901 ἑλόντες,
1009 2814 1163 2905 καθάπὲρ
1177 2831 1201 2872 ²⁵

148 2923 290 3008 ἔδρασεν
323 2915 423 3006 αὕτη,
459 2917 569 2987 πάντα
605 2915 692 3006 ὁμοῦ
724 2918 977 3008 διηγησῶμεθα;
1009 2916 1164 3001 ’ὁπόσους

102 3032 128 3086 D
147 3023 209 3112 μὲν
241 3016 286 3101 εὖ,
313 3028 448 3112 ἐποίησε
480 3028 548 3094 τῶν
580 3026 652 3113 ἐμοὶ
680 3030 874 3115 γνωρίμων,
907 3023 996 3106 ὅπως
1024 3025 1061 3095 δὲ
1090 3027 1162 3114 ἐμοὶ

215 3222 495 3295 3ίιιιωιοπούμενος
513 3226 583 3349 VM)
603 3226 876 3314 περισκοπούμενος
890 3220 941 3311 l
922 3247 1032 3286 cavom
1052 3234 1077 3282 V
1146 3234 1162 3282 7

146 3295 333 3376 τε]δέτελ’
383 3293 592 3365 Memfim
644 3301 755 3350 13et14
771 3315 829 3365 παρ
859 3317 942 3365 ημων
958 3288 1060 3365 ηδην
1130 3302 1162 3350 15

147 3364 239 3416 ταῦτα
257 3365 282 3415 V
352 3367 383 3416 16
401 3365 512 3433 πλεῖον]
531 3364 710 3447 πλείοναΗ;
729 3367 785 3418 vid.
805 3366 842 3416 ad
860 3370 944 3418 152A
1024 3369 1057 3418 25
1076 3359 1112 3418 τύ
1130 3382 1162 3446 γε

146 3432 185 3498 Η]
204 3424 237 3483 τό
255 3448 288 3497 γε
375 3435 407 3484 26
433 3433 529 3484 Malim
549 3426 624 3500 αύτή
655 3432 659 3494 Ι
693 3404 903 3501 διηγησόμεθα
922 3430 1001 3502 Oob]
1025 3427 1162 3501 διηγησό-

135 3499 226 3564 μεθα
