2422 3862
123 160 187 228 526
428 159 574 211 IULIANI
591 157 842 213 IMPERATORIS

82 353 109 394 57
277 311 331 380 λε’.
371 309 994 402 ἈνεπίγραφοςῦπὲρἎρχείων.

206 434 306 524 Ὑπὲρ
342 439 401 523 τῆς
429 434 587 525 Ἀργείων
623 438 752 518 πόλεως
786 434 893 506 πολλὰ
926 435 990 523 μέν
1022 432 1069 502 ἀν
1100 461 1149 514 τις

123 549 229 613 είπείν
252 547 337 631 ἐχοι,
360 542 540 631 σεμνύνειν
562 541 669 631 αὐτὴν
692 545 832 630 ἐθέλων,
855 540 983 611 παλαιδι
1005 542 1064 610 καὶ
1088 541 1147 608 νέα

122 651 309 742 πράγματα.
352 652 415 718 τοῦ
445 676 481 717 τε
513 651 577 740 γὰρ
614 655 780 740 Τρωικοῦ,
816 648 980 738 καθάπερ
1002 646 1146 736 ῦστερον

84 756 316 844 οἈθηναίοις
337 756 394 824 καὶ
417 762 698 846 Λακεδαιμονίοις
719 762 782 827 τοῦ
791 811 869 827 .....
880 810 890 844 ,
922 749 1088 845 προσήκει
1110 782 1168 825 τοι

124 864 227 932 πλέον
259 865 400 942 ἐκείνοις
431 868 541 952 ἐρχου.
592 868 687 933 δοκεί
720 864 783 952 μὲν
814 863 879 952 χάρ
911 861 1014 950 ῦμφω
1048 866 1146 952 κοινῇ

123 973 319 1057 πραχθῆναι
345 969 435 1059 παρά
461 974 520 1058 της
536 969 710 1052 Ἑλλάδος·
749 969 844 1053 ἀξιον
872 970 910 1038 δὲ
938 968 1052 1060 ὥσπερ
1081 975 1146 1039 των

77 1072 84 1093 “
125 1083 234 1166 ἔργων
257 1078 313 1145 καὶ
335 1088 394 1165 τῆς
411 1082 609 1165 φροντίδος,
633 1076 720 1146 οῦιω
739 1078 795 1146 καὶ
812 1080 881 1145 των
900 1078 1052 1146 έπαίνων
1069 1078 1147 1157 τοῦς

124 1181 292 1270 ἡγεμόνας
314 1182 352 1251 τὸ
375 1184 479 1251 πλέον
501 1185 657 1271 μετέχειν.
703 1181 786 1252 ἀλλά
808 1186 914 1252 ταῦτα
936 1182 1000 1271 μὲν
1021 1181 1146 1272 ἀρχαῖοί

124 1313 194 1367 πως
217 1285 304 1356 εἶναι
328 1292 431 1374 δοκεί,
452 1286 494 1356 τά
517 1287 555 1356 δέ
578 1290 629 1358 ἐπὶ
652 1288 795 1376 τούτοις,
818 1287 839 1376 ἥ
861 1315 897 1357 τε
914 1286 1144 1378 Ἡρακλειδῶν
1155 1312 1176 1352 ιο

124 1392 275 1472 κάθοδος
296 1396 352 1462 καὶ
376 1391 421 1473 ὡς
442 1397 488 1486 τῷ
511 1395 726 1488 πρεσβυτάτῳ
749 1397 848 1485 χέρας
868 1396 1034 1485 έξηρέθη,
1068 1397 1144 1486 ἥτε
1208 1439 1209 1449 ¹

81 1506 173 1580 Βείς
198 1500 402 1582 Μακεδόνας
434 1503 566 1570 ἐκεῖθεν
597 1501 749 1589 ἀποικία,
785 1504 841 1571 καλ
872 1502 910 1572 τὸ
936 1509 1144 1594 Λακεδαιμο-

125 1615 212 1690 νίοις
239 1607 327 1679 οῦτω
355 1614 499 1695 πλησίον
525 1614 772 1698 παροικοῦντας
795 1606 992 1694 ἀδούλωτον
1015 1607 1069 1680 ἀεὶ
1092 1611 1143 1679 καὶ

125 1717 311 1806 ἐλευθέραν
343 1704 488 1805 φνλάξαι
519 1716 582 1804 τὴν
612 1716 729 1804 πόλιν,
762 1714 804 1786 οῦ
830 1720 950 1806 μικράς
980 1714 1063 1786 ούδδ
1089 1723 1144 1806 τῆς

125 1823 291 1911 τυχούσης
313 1821 470 1913 ἀνδρείας
492 1816 545 1910 ἦν.
579 1820 669 1892 ’ἀλλά
693 1821 735 1912 δὴ
758 1824 815 1891 καὶ
836 1841 877 1891 τα
899 1827 1051 1892 τοσαῦτα
1073 1825 1179 1914 περίτι

125 1929 204 2011 τοὺς
236 1933 371 2019 Πέρσας
402 1927 467 1999 ῦπὸ
500 1933 568 1998 τῶν
600 1932 813 1999 Μακεδόνων
843 1927 1010 2017 γενόμενα
1042 1931 1143 2021 ,ταύτη

124 2036 308 2125 προσήκειν
329 2039 370 2126 τῇ
392 2035 487 2105 πόλει
511 2040 647 2116 δικαίως
670 2034 713 2105 ἀν
735 2063 786 2117 τις
799 2034 989 2122 ἀπολάβοι·
1031 2045 1145 2108 Φιλίπ-

126 2170 192 2215 που
214 2170 250 2212 τε
272 2141 337 2231 χάρ
359 2143 415 2212 καὶ
431 2140 652 2231 Ἀλεξάνδρου
673 2146 742 2211 νῦν
764 2143 857 2212 πάνυ
876 2147 946 2213 νῦν
965 2146 1146 2234 προγόνων

72 2253 244 2340 408πατρὶς
275 2243 319 2337 ἦν
351 2249 444 2337 αῦτη.
483 2247 659 2338 Ῥωμαίοις
692 2250 730 2318 δέ
755 2247 899 2338 ὕστερον
927 2248 990 2338 ούχ
1017 2251 1146 2323 ἁλοῦσα

41 2404 43 2407 -
85 2391 112 2432 50
125 2361 254 2444 μᾶλλον
276 2353 298 2442 ἢ
320 2354 404 2423 κατά
427 2356 616 2442 ξυμμαχίαν
639 2354 819 2443 ὑπήκουσε,
841 2358 897 2424 καὶ
921 2354 1033 2446 ὥσπερ
1054 2358 1178 2448 οίμαιιι

125 2472 251 2551 μετεῖχε
279 2461 335 2529 καὶ
368 2457 452 2549 αῦτη
482 2460 634 2549 καθάπερ
663 2466 701 2530 αί
725 2465 839 2532 λοιπαί
865 2466 924 2551 τῆς
951 2465 1147 2556 ἐλευθερίας
1203 2456 1209 2540 I

125 2569 181 2639 καὶ
204 2571 274 2636 τῶν
297 2564 409 2635 ἄλλων
432 2570 584 2653 δικαίων,
608 2564 716 2637 ὁπόσα
739 2569 879 2657 νέμουσι
896 2578 970 2651 ταίς
988 2574 1067 2661 περὶ
1086 2570 1146 2660 τὴν

121 2674 265 2745 Ἑλλάδα
288 2673 427 2743 πόλεσιν
450 2677 486 2742 οί
505 2677 705 2761 κρατοῦντες
727 2671 786 2742 ἀεί.

195 2832 209 2881 1
229 2821 378 2890 ίουλιανδς
396 2821 564 2982 ἀρχείοις]
610 2832 626 2880 3
644 2820 736 2894 αῦτὴν
753 2825 790 2894 V]
810 2821 901 2896 αῦτῆς
939 2833 957 2881 4
974 2826 1144 2901 πράγματα]

127 2937 266 2955 ........
285 2898 310 2949 V
379 2895 430 2951 τοῦ

126 2964 213 3021 θεοῦ
225 3001 306 3021 .....
324 2896 377 3030 III,
408 2981 485 3019 ουτω
501 2979 533 3027 v,
563 2960 615 3015 τοῦ
635 2963 781 3031 Περσικοῦ
799 2964 840 3027 Η,
863 2965 916 3016 τοῦ
934 2963 1085 3034 Περσικοῦ
1101 2968 1143 3019 vel

125 3036 163 3087 M
181 3034 267 3088 δικοῦ
285 3035 434 3087 Βὶἰλιωεταε
473 3028 559 3098 Itis
562 3062 654 3085 ......
658 3031 786 3096 ·...ξιον
803 3033 829 3082 V
867 3020 978 3085 8οῦτω
996 3033 1035 3118 H]
1053 3028 1143 3096 οὕτως

125 3097 251 3170 9ηχεμό
265 3138 344 3157 .....
362 3099 493 3154 πλέονλ7
540 3090 706 3165 10..V(I1'
722 3117 754 3153 τε
771 3091 908 3166 Vdmiv
954 3103 987 3152 11
1007 3120 1040 3157 το
1060 3100 1145 3169 χέρας

125 3169 212 3222 Hroh.
281 3174 314 3222 12
332 3162 497 3238 μακεδόνας
515 3164 548 3233 V]
567 3166 762 3220 Μακεδονίαν
777 3168 782 3232 Ι
797 3206 821 3224 ..
834 3205 859 3221 ..
872 3169 930 3220 θεν
947 3169 982 3232 V,
999 3158 1098 3237 ἦλθεν
1109 3172 1145 3222 Ρο

50 3276 54 3291 ι
128 3240 161 3292 13
173 3243 200 3290 et
213 3241 245 3289 14
262 3231 387 3293 ἀελ....
405 3232 599 3299 md,
617 3228 778 3303 ἐλευθέραν
795 3236 825 3286 in
842 3234 868 3285 V
886 3237 976 3303 legere
996 3240 1052 3290 sibi
1068 3241 1144 3291 visus

127 3313 172 3360 est
183 3307 339 3371 Diihnerus,
361 3297 519 3370 ἐλεύθερον
531 3319 550 3353 v
585 3305 618 3355 15
634 3298 676 3355 τδ
683 3301 810 3355 τοσαῦτα
819 3298 860 3384 H]
879 3299 958 3362 τὰ...
969 3305 1048 3359 αῦτα
1060 3309 1092 3367 V,
1110 3298 1144 3357 τά

126 3373 248 3427 τοιαῦτα
263 3390 282 3423 v
359 3376 390 3425 17
464 3370 534 3430 αίως
551 3371 577 3422 V
638 3373 678 3450 „18
695 3370 752 3423 τοῖν
769 3387 919 3438 προχονων
936 3374 972 3433 V]
996 3371 1143 3443 προγόνων

128 3443 160 3493 19
177 3439 282 3508 πατρὶς
311 3478 409 3497 ......
427 3440 481 3520 Vt
508 3441 542 3491 20
560 3435 610 3490 καὶ
630 3437 938 3520 ωσπερ]..,..περλ’
995 3445 1029 3494 22
1049 3439 1143 3495 ,uoeV

126 3507 144 3572 ί.
157 3545 164 3560 .
177 3501 232 3561 όσα
250 3509 275 3560 V
302 3549 309 3564 .
344 3509 449 3574 „Igitur
466 3500 581 3560 οπόσα“
600 3507 759 3570 Diibnerus,
777 3519 832 3559 οσα
849 3527 867 3561 v

474 2913 538 2962 „m
555 2896 593 2957 V,
630 2912 666 2948 ου
689 2913 707 2948 a
724 2912 806 2948 manu
823 2895 958 2949 recenti.“
989 2901 1145 2954 Diibnerus.
