2436 3870
329 150 588 204 FRAGMENTUM
604 151 818 204 EPISTOLAE
1023 153 1087 217 375

337 275 421 366 πρὸς
447 275 512 367 γὰρ
540 277 624 358 Διός
651 275 787 347 εἰσιν
765 304 908 360 απαντες

151 388 289 469 Πτωχοί
303 409 338 450 τε
356 384 463 464 ξεῖνοί
477 404 524 452 τε
553 383 646 464 δόσις
665 380 696 451 δ’
718 380 813 470 ὀλίγη
832 411 867 452 τε
886 390 967 473 φίλη
985 412 1035 469 τε;

70 526 143 604 πῶς
170 519 251 591 δὲ(
236 550 253 592 ο
281 521 342 592 τὸν
365 519 548 613 Εταίρειον
566 525 766 613 θεραπεύων
784 521 908 611 Δία,’
893 528 983 615 ορῶν
1006 527 1121 608 τούςῦ

71 632 173 710 πέλας
210 631 333 709 ἐνδεεῖς
368 629 560 718 χρημάτων,
597 629 667 698 εἶτα
705 627 783 718 μηδ’
819 628 903 700 ὅσον
939 635 1086 722 δραχμῆς

43 734 281 824 εμεταδιδοός,
310 744 414 803 οίεται
440 734 501 805 τὸν
528 741 597 804 Δία
625 739 734 816 καλῶς
760 736 976 826 θεραπεύειν;
1004 734 1085 806 όταν

72 846 120 922 είς
146 843 251 908 ταῦτα
256 837 398 928 ἀπίδω,
425 839 632 922 παντελῶς’
613 840 738 929 αχανὴς
765 848 911 929 γίνομαι,
938 841 997 923 τόις
1023 843 1085 931 μὲν

72 950 264 1033 ἐπωνυμίας
294 973 362 1014 των
393 949 486 1015 θεων
517 975 585 1035 αμα
616 973 662 1014 τω
694 946 808 1039 κόσμω
839 975 885 1040 τω
918 946 1001 1030 ἐξ’
983 952 1086 1037 αρχῆς

72 1049 183 1141 ὥσπερ
221 1051 352 1132 εἰκόνας
384 1050 532 1141 γραπτὰς
569 1048 673 1142 όρων,
706 1058 803 1181 ἔργω
824 1049 912 1122 δδ”
894 1051 955 1141 αφ’
990 1050 1085 1142 ἡμῶν

72 1155 176 1226 οὐδὲν
212 1160 368 1226 τοιοῦτον
401 1158 689 1246 ἐπιτηδευόμενον
739 1154 894 1246 ὁμόγνιον
931 1161 1129 1247 λέγονταιΙ)

29 1294 58 1334 ιο
71 1260 151 1350 παρ’
182 1259 263 1351 ἡμῖν
280 1265 358 1332 θεοὶ
384 1264 440 1333 καὶ
459 1262 544 1346 Ζεὺς
571 1261 739 1353 ὁμόγνιος,
767 1271 885 1353 ἔχομεν
909 1265 946 1334 δὲ
974 1263 1085 1355 ὥσπερ

70 1367 156 1457 πρὸς
183 1365 379 1458 ἀλλοτρίους
405 1368 484 1450 τοὺς
512 1386 698 1457 συγγενεῖς·
727 1369 907 1461 ἅνθρωπος
933 1370 998 1461 γὰρ
1026 1369 1084 1440 ἀν-

69 1475 199 1566 θρώπω
227 1476 283 1543 καὶ
311 1472 397 1544 ἑκὼν
424 1477 480 1544 καὶ
508 1473 600 1544 ἀαων
627 1480 690 1557 πόις
717 1479 787 1546 ἐστι
815 1478 994 1567 συγγενής,
1020 1487 1085 1547 είτε

72 1578 184 1668 [γὰρ],
211 1579 363 1670 καθάπερ
392 1582 519 1666 λέγεται
546 1581 637 1670 παρά
663 1609 776 1669 τινων,
805 1584 838 1664 ἐξ
867 1583 941 1664 ἑνός
968 1610 1003 1651 τε
1030 1585 1086 1652 καὶ

70 1689 149 1774 μιᾶς
167 1685 353 1774 γεγόναμεν
370 1687 502 1773 πάντες,
530 1684 600 1756 εἶδ’
631 1683 790 1756 ὁπωσοῦν
809 1686 926 1774 ἀλλως,
951 1685 1086 1778 ἀθρόως

30 1820 56 1862 ιι
71 1789 337 1880 ὑποστησάντων
369 1788 454 1880 ἡμᾶς
486 1796 555 1861 τιόν
586 1795 679 1864 θεῶν
711 1790 779 1880 ἅμα
809 1796 856 1884 τῷ
893 1793 1007 1884 κόσμῳ
1040 1798 1086 1886 τῷ

71 1900 105 1979 ἐξ
133 1895 245 1987 ἀρχῆς,
273 1894 335 1986 οὐχ
362 1900 423 1966 ἕνα
449 1900 504 1968 καὶ
532 1905 627 1987 μίαν,
656 1895 738 1967 ἀλλὰ
765 1897 909 1979 πολλοὺς
936 1897 1003 1986 ἅμα
1030 1902 1086 1968 καὶ

70 2004 203 2084 πολλός.
255 2007 290 2072 oc
319 2002 383 2093 γὰρ
415 2007 474 2073 ἕνα
506 2006 562 2072 καὶ
594 2011 674 2092 μίαν
710 2006 916 2090 δυνηθέντες
952 1999 1022 2074 οἷοί
1045 2028 1137 2076 τενυν

70 2101 159 2196 ἦσαν
196 2107 264 2196 ἅμα
301 2111 356 2177 καὶ
393 2107 537 2190 πολλοὺς
577 2112 634 2179 καὶ
669 2110 801 2192 πολλός.
850 2111 907 2178 καὶ
948 2108 1012 2199 γὰρ
1044 2107 1085 2179 ὃν

70 2215 197 2304 τρόπον
224 2214 284 2283 τόν
311 2242 346 2283 τε
373 2218 432 2284 ἕνα
460 2213 596 2304 καλιὴν
623 2221 714 2303 μίαν,
740 2213 801 2284 τὸν
828 2212 933 2284 αὐτὸν
959 2216 1094 2305 τρόπον

30 2352 57 2392 ιο
70 2319 152 2402 τοὺς
179 2320 323 2402 πολλούς
350 2348 384 2390 τε
411 2323 467 2390 καὶ
493 2320 552 2402 τὰς
579 2322 710 2403 πολλός.
756 2331 803 2402 είς
831 2349 865 2390 τε
897 2319 935 2391 τὸ
965 2321 1085 2410 διάφο-

72 2454 134 2512 ρον
163 2423 399 2513 ἀποβλέψαντα
413 2430 494 2496 «τῶν
512 2424 610 2516 ἠθῶν
636 2430 778 2497 καὶτῶν
806 2426 931 2515 νόμων,
960 2426 1001 2497 06
1018 2427 1086 2517 μὴν

72 2530 155 2600 ἀλλὰ
183 2533 239 2600 καὶ
258 2529 339 2622 ὅπερ
367 2534 436 2601 ἐστὶ
454 2541 566 2621 μεῖζον
593 2535 648 2602 καὶ
666 2534 862 2623 τιμιώτερον
889 2535 945 2602 καὶ
964 2535 1085 2625 κυριω-

70 2665 181 2727 τερον,
209 2642 256 2719 είς
282 2635 345 2726 τὴν
371 2641 440 2706 τῶν
461 2641 554 2707 θεῶν
581 2640 708 2728 φήμην,
737 2637 755 2728 ἢ
783 2641 1009 2727 παραδέδοται
1029 2638 1086 2708 διὰ

71 2746 140 2812 τιόν
168 2740 325 2831 ἀρχαίων,
347 2740 429 2832 ἡμῖν
459 2748 648 2833 θεουργων,
677 2741 732 2830 ὡς,
760 2742 814 2813 ὅτε
842 2743 926 2825 Ζεὺς
954 2745 1127 2833 ἐκόσμειΒ

30 2879 57 2919 25
70 2847 122 2917 τόι·
140 2849 259 2936 πάντα,
288 2850 463 2936 σιαγόνων
482 2853 620 2939 αἵματος
643 2853 737 2939 ίεροό
764 2853 952 2935 πεσουσῶν,
980 2853 1012 2930 ἐξ
1037 2842 1086 2918 οἷν

159 3102 294 3169 1οι1γει.
313 3103 339 3166 ζ,
358 3105 407 3153 207
494 3093 717 3181 36166V]''
700 3118 771 3154 οταν
803 3100 808 3163 Ι
840 3093 1084 3179 ἕταιρειονθοο]

71 3161 201 3235 ἕταίριον
256 3168 423 3237 λδραγμῆς
440 3171 465 3220 V
521 3159 586 3221 6ἀ
598 3163 662 3250 ,νὴς
679 3174 735 3235 pet.
805 3172 837 3220 13
855 3159 909 3235 γάρ
927 3185 1086 3235 expungen-

73 3238 137 3287 dum
163 3238 273 3288 videtur
360 3240 426 3302 18,
430 3238 511 3295 ,Post
536 3231 644 3296 πολλὰς
671 3238 767 3287 deesse
788 3235 897 3287 videtur
923 3240 1019 3287 ποιεῖν
1042 3237 1086 3287 vel

71 3298 254 3369 ὑποστῆναι.ι
257 3305 351 3356 ἫΒοΙτ
422 3307 453 3355 19
471 3298 522 3356 τόν
540 3320 571 3355 τε
589 3305 615 3354 Η
633 3309 661 3353 et
680 3304 759 3362 Oob.]
777 3296 843 3354 τότε
912 3306 945 3354 20
962 3300 1121 3361 πολλούς

72 3388 103 3424 τε
120 3369 155 3436 V]
173 3366 298 3432 πολλοὺς
330 3371 375 3435 Ι,
377 3372 456 3435 ,Post
479 3364 587 3430 πολλός
605 3370 701 3421 deesse
725 3369 832 3421 videtur
853 3363 906 3436 χρὴ
925 3363 1019 3422 όπολα
1041 3375 1086 3422 εῖν

72 3433 611 3571 ⁷65633216065¹3101006&
639 3432 762 3505 Μῶν
783 3442 840 3504 W
876 3437 970 3488 M⁸¹³¹¹⁰
995 3431 1054 3490 ἐ
1034 3455 1085 3490 ⁰²⁹
