2436 3870
135 185 201 257 424
443 190 587 242 mmm
608 186 853 244 ικεοεετοοιε

136 321 192 390 καλ
232 317 371 387 πάντων
411 315 524 385 αὐτῶν
570 320 768 404 καταβοῶσα
808 314 1022 404 παρειστήκει
1067 313 1158 403 πλήν

133 425 354 513 Ὀκταβιανοῦ
381 424 502 512 μόνου·
529 426 651 492 τοῦτον
680 423 717 491 δέ
745 419 946 510 εὐγνώμονα
973 419 1058 511 πρὸς
1077 423 1155 490 ἑαυ-Ι

135 531 197 621 τήν
229 530 316 601 εἶναι
348 536 468 616 ἐλεγεν.
515 531 628 610 ἔδοξεν
661 520 725 598 οὖν
756 543 827 610 τοῖς
859 538 954 608 θεοῖς
982 525 1157 617 ἐπιτρέψαι

136 641 193 709 καὶ
211 641 310 707 τούτο
329 639 375 727 τῷ
391 632 502 725 Ἑρμῇ,
526 638 582 705 καὶ
601 639 725 705 ἔδοσαν
743 632 834 727 αύτῷ
852 636 987 724 πρῶτον
1004 631 1154 714 Ἀλεξάν-

31 794 32 797 ,
96 751 225 834 Βδρου
256 745 446 829 πυθέσθαι,
477 748 512 810 τί
540 748 688 830 νομίσειε
719 742 896 811 κάλλιστον
927 742 983 809 καί
1011 739 1097 829 πρὸς
1123 744 1178 808 τίε

138 852 271 938 βλέπων
295 848 476 938 ἐργάσαιτο
503 849 560 917 καὶ
579 849 685 918 πάθοι
703 847 812 918 πάντα
842 845 966 937 ὅσαπερ
995 845 1154 936 ὃεὸράκοι

95 1034 99 1041 .
137 984 171 1026 τε
198 958 255 1025 καὶ
281 956 460 1025 πεπόνθοι,
499 950 517 1024 ό
545 955 583 1024 δέ
611 961 687 1043 ἔφη,
717 952 762 1024 Τό
781 954 890 1024 πάντα
908 956 1017 1023 νικᾶν.
1062 951 1152 1036 Εἶτα,

138 1058 267 1131 είκενὸ
291 1059 421 1151 Ἑρμῆς,
450 1071 513 1130 οἴει
532 1083 586 1131 σοι
603 1065 702 1131 τοῦτο
721 1047 942 1148 πεποιήσθαι;Ι
969 1060 1038 1128 Καὶ
1056 1058 1153 1147 μάλα,

138 1174 203 1256 ἔφη
217 1164 251 1247 Ἰὁ
277 1164 498 1256 Ἀλέξανδρος.
536 1165 554 1237 ὁ
583 1168 620 1236 δέ
638 1166 801 1256 Σειληνὸς
828 1168 1044 1247 τωθαστικῶς
1067 1163 1154 1252 μάλα

139 1273 294 1360 γελάσας,
324 1271 420 1341 Ἀλλά
457 1273 620 1361 ἐκράτουν
651 1277 692 1361 γε’
722 1296 785 1344 σου
816 1271 976 1354 πολλάκις
1008 1277 1045 1340 αλ
1074 1266 1154 1357 ήμέ-
1169 1299 1193 1339 ιο

138 1405 229 1466 τεραι
265 1380 467 1468 θυγατέρες,
505 1379 734 1468 αἰνιττόμενος
774 1378 833 1461 τὰς
870 1376 1056 1467 ἀμπέλους,
1091 1374 1155 1444 τὸν

99 1481 354 1574 θἈλέξανόρον
386 1479 450 1553 ὀἷα
497 1485 539 1573 δή
583 1513 660 1555 τινα
700 1483 851 1574 μέθυσον
896 1487 952 1554 καὶ
997 1491 1156 1572 φίλοινον

139 1589 309 1659 σκάπτων.
359 1592 416 1660 καὶ
448 1586 466 1660 ὁ
497 1588 712 1682 Ἀλέξανδρος
743 1589 800 1661 άτε
832 1589 875 1680 δή
909 1593 1020 1679 γέμων
1053 1598 1179 1678 Περι-ν

138 1699 328 1785 πατητικῶν
345 1697 646 1787 παρακουσμάτων,
668 1695 719 1766 Ού
736 1697 777 1767 τά
796 1696 920 1786 άψυχα,
945 1704 1022 1786 ἔφη,
1041 1698 1155 1766 νικῶν·

140 1799 220 1871 οὐδὲ
257 1802 321 1895 γάρ
353 1801 446 1891 άγῶν
482 1801 563 1892 ήμίν
599 1807 669 1874 ἐστι
699 1803 784 1893 πρὸς
814 1807 932 1872 ταῦτα·
965 1801 1050 1873 άλλά
1087 1804 1155 1870 πᾶν
1168 1829 1191 1870 1⁵

138 1907 200 1996 μὲν
228 1905 526 2008 άνθρῶπων,πι”ιν
554 1910 592 1979 δὲ
610 1915 743 1999 θηρίων
771 1911 876 1997 γένος.
912 1912 969 1978 καὶ
998 1906 1154 1996 ὁΣειλη-

139 2012 199 2096 νὸς
236 2013 345 2106 ῶσπερ
383 2020 418 2085 οί
451 2016 679 2104 θαυμάζοντες
715 2019 896 2105 εἰρωνικῶς
932 2015 1040 2103 μάλα,
1075 2013 1154 2100 Ἰού,

95 2119 215 2208 Βίού,
253 2128 337 2210 ἔφη’,
374 2125 444 2190 τῶν
480 2125 696 2192 διαλεκτικῶν
731 2127 921 2209 κιγκλίδων.
972 2118 1077 2202 αὐτὸς
1117 2118 1154 2188 δὲ

139 2221 219 2314 ήμϊν
247 2230 283 2296 ἐν
316 2229 443 2319 ποτέρην
476 2226 602 2297 σαυτὸν
628 2228 746 2317 θήσεις
777 2225 881 2316 γένει,
914 2230 982 2296 τῶν
1015 2225 1155 2315 ἀψύχων

138 2326 159 2417 ή
187 2335 255 2400 τῶν
283 2333 440 2420 ἐμψύχων
457 2360 493 2402 τε
510 2336 566 2404 καί
587 2334 733 2417 ζεόντων;
761 2336 818 2403 καὶ
837 2331 875 2414 ὃς
898 2330 1010 2423 ῶσπερ
1029 2331 1154 2420 άγανα-
1167 2361 1192 2401 εο

138 2436 276 2523 κνήσας,
307 2434 479 2526 Εὐφήμει,
508 2446 587 2529 ἔφη·
619 2436 686 2510 ὑπὸ
715 2437 779 2527 γάρ
806 2447 1072 2528 μεγαλοψυχίας,
1105 2436 1156 2508 ὅτι

140 2539 182 2628 δή
209 2543 266 2610 καί
292 2540 373 2623 θεὸς
400 2552 576 2634 γενοίμην,
609 2550 736 2635 μᾶλλον
764 2543 797 2615 δ’
827 2555 915 2633 εἴην,
944 2548 1154 2634 ἐπεπείσμην.

140 2643 251 2728 Αύτὸς
279 2640 352 2735 οὖν,
379 2648 481 2735 εἶπεν,
508 2648 656 2741 ἡττήθης
678 2655 824 2722 σεαυτοῦ
850 2651 1009 2732 πολλάκις
1037 2648 1155 2740 [ὀργῆς

139 2749 160 2840 ή
187 2752 294 2842 λύπης
321 2753 343 2843 ή
369 2782 461 2837 τινος
487 2758 645 2828 τοιούτου
673 2756 733 2827 τὸν
750 2761 837 2827 νοῦν
864 2759 920 2826 καὶ
942 2754 1002 2838 τάς
1029 2759 1155 2846 φρένας

139 2856 237 2947 ήττω-
252 2862 309 2943 καὶ
336 2868 435 2951 χείρω
453 2863 621 2951 ποιήσας].
656 2861 741 2933 Ἀλλ’
773 2861 878 2957 αὐτόν
897 2866 1031 2949 ἑαυτοῦ,
1061 2860 1154 2932 εἶπεν
1166 2887 1189 2930 ει

140 2960 157 3033 ὁ
196 2960 434 3057 Ἀλέξανδρος,
479 2984 614 3058 κρατεῖν
658 2971 714 3038 καί
759 2965 923 3058 ήττᾶσθαι
969 2964 1155 3056 ὁμωνύμως

87 3071 313 3162 331(λε’γεται)·
342 3075 416 3160 ἐμοὶ
434 3074 472 3143 δὲ
496 3066 539 3162 ήν
558 3070 642 3164 ὑπὲρ
669 3078 737 3175 τῶν
755 3073 839 3164 πρὸς
858 3072 980 3155 ἄλλους
1009 3071 1027 3143 ὁ
1047 3075 1155 3161 λόγος.

224 3279 240 3325 2
258 3269 371 3354 ,ἑαυτήν
388 3280 413 3328 V
431 3266 538 3346 τήκετο]
559 3272 652 3346 αύτήν
729 3282 745 3330 6
762 3268 872 3345 ὅσαπερ
883 3277 953 3345 VM]
971 3269 1027 3331 ὅσα
1098 3281 1113 3328 6
1128 3283 1156 3329 et

140 3347 154 3394 7
175 3341 320 3408 ὃεὸρακοι
331 3362 363 3397 τε
380 3344 430 3396 καὶ
448 3341 594 3399 πεπόνθοι
612 3347 724 3412 MPab,
744 3342 883 3410 δεδράκει
902 3342 995 3398 τεκαὶ
1008 3339 1155 3398 πεπόνθει

140 3411 255 3474 VAug.,
275 3406 426 3478 ἐδεδράκει
445 3429 476 3465 τε
495 3412 544 3465 καλ
563 3406 722 3466 ἐπεπόνθει
740 3431 758 3464 v
844 3418 859 3466 9
883 3411 1068 3466 τωθαστικόν
1085 3415 1128 3463 Au
1148 3448 1155 3463 .

140 3479 172 3527 13
202 3471 262 3540 άτε]
291 3474 338 3529 οἷα
365 3481 393 3529 Μ
480 3483 511 3532 15
541 3474 600 3533 ἐστι
623 3482 686 3532 add.
709 3481 842 3547 VMAug.
928 3485 961 3532 22
987 3479 1097 3547 μάλλον
1123 3429 1155 3530 ffb

136 3545 268 3612 VMAug.
340 3548 443 3600 23-25
460 3549 553 3602 Verba
565 3549 674 3600 seclusa
687 3549 790 3600 delevit
803 3548 925 3600 Cobetus
989 3551 1022 3599 27
1041 3545 1155 3613 λέγεται
