2446 3870
489 177 627 228 oiimo
645 179 693 229 1v.
1035 178 1095 243 199

78 300 163 372 κατὰ
193 297 252 382 τὰς
283 301 462 391 περιόδους
498 300 605 372 αὐτοῦ
635 305 743 374 πάντα
779 303 820 373 τά
853 305 1006 393 φυόμενα
1038 309 1095 376 καὶ

77 407 120 476 τὰ
150 410 376 477 παντοδαπῶν
414 408 507 500 ζῴων
543 412 635 497 φῦλα
667 425 805 480 κινεῖται
838 410 922 500 πρὸς
953 408 1094 498 ἀπογέν-

77 534 177 603 νησιν
208 516 271 582 τοῦ
301 510 431 603 ὁμοίου.
480 522 515 583 τί
544 514 607 605 χρή
643 514 702 598 τάς
734 514 869 598 άκτίνας
900 513 1007 586 αὐτοῦ
1038 521 1129 588 mic

77 620 114 690 τὸ
138 623 216 708 ,φῶς
249 623 427 709 σεμνῦναι;
460 619 521 702 νὺξ
552 625 639 708 γοῦν
671 620 831 712 άσέληνός
862 650 897 693 τε
930 625 986 693 καὶ
1013 622 1094 693 άνα-

50 763 65 802 5
81 747 180 816 στρος
199 722 289 808 ὅπως
307 728 376 795 ἐστὶ
395 727 534 817 φοβερά,
562 719 627 818 ἆρα
645 731 758 798 ἐννοεῐ
776 757 835 816 τις,
863 727 904 798 ἵν’
925 732 1095 818 ἐντεῦθεν,

77 829 208 902 ὁπόσον
225 837 343 920 ἔχομεν
362 830 497 918 άγαθὸν
523 835 557 915 ἐξ
584 830 683 922 ἡλίου
701 834 739 904 τὸ
768 838 850 923 φως,
877 836 1093 926 τεκμήρηται;

19 936 21 939 ’
75 942 177 1008 τοῦτο
210 938 248 1007 δὲ
280 936 361 1008 αὐτὸ
395 938 531 1027 συνεχὲς
566 942 721 1030 παρέχων
756 943 812 1010 καὶ
844 938 1118 1040 άμεσολάβητονή

76 1047 174 1114 νυκτὶ
201 1047 239 1113 ἐν
267 1039 317 1127 οἷς
343 1044 406 1134 χρή
433 1045 548 1127 τόποις
570 1043 635 1115 άπὸ
664 1049 722 1134 τής
749 1047 889 1135 σελήνης
915 1062 985 1129 τοῖς
1012 1046 1094 1136 άνω,

77 1153 259 1239 ἐκεχειρίαν
286 1147 368 1240 ήμίν
395 1149 452 1220 διὰ
478 1154 537 1240 τής
565 1151 687 1252 νυκτὸς
713 1156 783 1222 των
809 1153 925 1222 πόνων
944 1159 1094 1224 δίδωσιν.

35 1294 63 1332 10
78 1253 180 1326 οὐθὲν
212 1253 255 1325 ἂν
282 1259 413 1343 γένοιτο
440 1261 543 1346 πέρας
568 1262 629 1327 τοί
657 1259 777 1347 λόγου,
805 1265 837 1329 εί
861 1260 971 1328 πάντα
1004 1261 1094 1341 ἐπεξ-

78 1365 164 1432 ιέναι
191 1391 240 1444 τις
262 1364 431 1452 ἐθελήσειε
458 1363 668 1433 τὰτοιαῦτα.
713 1369 751 1434 ἓν
778 1365 843 1455 γὰρ
872 1363 976 1435 οὐδέν
1003 1369 1137 1458 ἐστινΙ)

79 1466 212 1555 ἀγαθὸν
238 1468 321 1539 κατά
348 1469 408 1539 τὸν
435 1476 523 1557 βίον,
552 1468 570 1539 ὃ
598 1470 643 1559 μή
671 1470 760 1561 παρὰ
791 1475 854 1540 τοῦ
880 1476 966 1542 θεοῦ
993 1475 1094 1542 τοῦδε

78 1574 236 1661 λαβόντες
272 1581 404 1664 ἔχομεν,
441 1573 522 1664 ήτοι.
545 1576 635 1665 παρά
667 1577 774 1665 μόνου
806 1579 951 1666 τέλειον,
983 1575 1004 1666 ή
1037 1577 1095 1648 διὰ

77 1684 146 1749 τῶν
173 1678 284 1750 άλλων
309 1685 402 1751 θεῶν
429 1680 509 1771 παρ’
539 1680 644 1752 αὐτοῦ
671 1683 910 1772 τελειοόμενον.

35 1825 64 1864 15
156 1784 254 1874 Ἡμῖν
286 1790 327 1856 δέ
357 1791 447 1857 ἐστιν
479 1785 623 1878 άρχηγὸς
654 1792 710 1859 καὶ
741 1792 800 1878 τής
830 1790 965 1871 πόλεως.
1012 1794 1098 1859 οίκεί

78 1896 165 1980 γοῦν
193 1890 295 1982 αὐτῆς
314 1891 356 1962 οό
382 1893 444 1982 τήν
472 1891 655 1984 άκρόπολιν
673 1895 779 1983 μόνον
806 1894 887 1983 μετὰ
913 1899 972 1985 της
997 1893 1094 1983 Ἀθη-

77 2003 140 2081 νᾶς
166 2001 222 2069 καὶ
247 1997 445 2089 ’Λφροθίτης
472 2001 559 2083 Ζεὺς
590 1997 767 2071 ὑπόντων
793 1999 900 2091 πατήρ
928 1998 1095 2088 ὑμνούμε·

77 2133 148 2194 νος,
167 2104 250 2176 ἀλλὰ
277 2107 333 2175 καὶ
357 2104 525 2177 Ἀπόλλων
552 2109 605 2176 ἐπὶ
632 2110 678 2199 τῷ
696 2114 893 2199 Παλλαντίῳ
922 2106 1015 2198 λόφῳ
1038 2109 1094 2175 καὶ

71 2209 186 2294 Ἥλιος
204 2209 306 2293 αὐτὸς
328 2215 428 2295 τοῦτο
455 2213 574 2283 κοινὸν
602 2211 709 2301 ὄνομα
732 2216 813 2281 πᾶσι
841 2215 897 2282 καὶ
915 2213 1109 2302 γνωριμον.’

35 2357 64 2396 20
79 2316 169 2400 ὅπως
188 2317 225 2387 δὲ
244 2315 334 2411 αὐτῷ
351 2319 459 2407 πάντη
477 2322 533 2389 καὶ
551 2321 660 2389 πάντα
678 2319 889 2408 προσήκομεν
908 2324 944 2388 οί
964 2316 1148 2408 ‘Pensm-154

77 2431 169 2494 λίθαι
196 2426 305 2493 τεκαὶ
332 2426 506 2513 Αίνεάθαι,
525 2425 630 2495 πολλὰ
649 2432 734 2514 ἔχων
763 2432 868 2495 είπείν
886 2429 951 2515 ἐρῶ
971 2426 1095 2515 βραχέα

78 2528 119 2599 τά
146 2529 395 2620 γνωριμώτατα.
441 2534 568 2619 γέγονε,
601 2539 717 2620 φασίν,
750 2535 783 2613 ἐξ
810 2530 1008 2621 Ἀφροδίτης
1033 2537 1095 2600 Αί-

78 2643 185 2724 νείας,
226 2634 309 2726 ήπερ
347 2639 440 2705 ἐστὶν
481 2634 653 2728 ὑπουργὸς
689 2634 789 2730 Ἡλίῳ
831 2641 886 2707 καὶ
923 2638 1096 2726 συγγενής.

80 2740 186 2812 αὐτὸν
218 2741 254 2812 ii
286 2742 347 2812 τὸν
377 2741 513 2831 κτιστήν
549 2739 645 2833 ήμῶν
675 2747 734 2832 τῆς
770 2745 896 2826 πόλεως
919 2742 1043 2834 ’Ἀρέως
1074 2738 1094 2831 ή

37 2884 66 2924 25
81 2845 365 2939 φήμήπαρέθωκε
392 2855 506 2937 παῖδα,
524 2851 727 2939 πιστουμένη
755 2848 789 2919 τί
818 2849 1009 2940 παράδοξον
1027 2851 1096 2917 τῶν

79 2956 192 3042 λόγων
220 2953 277 3024 διὰ
304 2959 372 3024 τῶν
399 2953 541 3046 ὕστερον
568 2957 916 3046 ἐπακολουθησάντων
941 2960 1096 3041 σημείων.

79 3058 202 3149 ὑπέσχε
228 3059 292 3151 γάρ
321 3058 422 3154 αὐτῷ,
442 3070 536 3151 φασί,
559 3061 664 3150 μαζὸν
681 3063 801 3151 θήλεια
824 3062 933 3141 λύκος.
975 3057 1039 3146 ἐγὼ
1059 3059 1096 3129 δὲ

165 3268 464 3346 ὅφοβερόνΜοΕΡ
550 3281 649 3338 8τοῖς
668 3270 730 3330 ἄνω
747 3274 842 3344 MbE]
866 3275 917 3343 τῆς
935 3271 995 3328 άνω
1066 3281 1098 3328 10

80 3339 226 3410 ἐπεξιέναι
250 3344 292 3411 H]
323 3338 436 3398 ἐπιέναι
524 3350 555 3398 11
581 3341 614 3398 ἓν
637 3344 711 3412 libri]
739 3344 789 3398 καὶ
876 3347 907 3395 12
934 3342 1021 3397 τοῦδε
1046 3342 1097 3396 τοῦ

81 3413 155 3466 θεοῦ
174 3409 333 3480 λαμβάνειν
350 3415 416 3465 libri
484 3416 517 3466 19
535 3411 631 3479 τοῦτο]
650 3413 733 3465 τοῦτο
752 3406 784 3465 τό
803 3415 831 3464 Η
852 3411 856 3478 Ι
877 3410 949 3464 πᾶσι
966 3410 1028 3478 καί]
1048 3410 1098 3464 καὶ

59 3481 152 3542 ,πᾶσι
170 3481 240 3532 Rsk.
327 3484 360 3533 20
382 3479 477 3549 πάντη
494 3477 618 3548 Marcii]
642 3477 729 3532 παντὶ
816 3484 847 3532 21
871 3497 901 3532 τε
919 3478 1042 3548 MbEF]
1064 3476 1097 3534 δὲ

81 3552 114 3601 24
133 3542 184 3600 τόν
202 3541 322 3615 κτιοτήν
340 3548 414 3616 libri]
434 3541 553 3616 κτιττήν
621 3553 653 3600 27
673 3547 750 3616 φασί
762 3546 804 3618 fl]
823 3548 897 3619 φησί
