2436 3870
320 143 574 197 εαεοωεατοω
593 146 807 201 mommo.
1011 143 1073 209 377

59 269 197 359 εὐσεβὲς
229 275 442 339 διανοεῖσθαι
473 272 529 340 καὶ
560 272 641 360 μετά
672 300 764 354 τινος
795 269 995 373 ἀποβλέπων
1028 277 1076 355 είς
1145 318 1147 320 -

57 376 100 446 τά
131 374 204 466 ίερά
230 378 298 444 τῶν
324 379 418 445 θεῶν
444 379 501 445 καὶ
528 376 569 446 τά
588 375 759 466 ἀγάλματα
786 383 882 467 τιμῆς
900 381 956 447 καί
985 374 1074 448 ὁσιό-

57 482 384 585 τητος,,σεβόμενος
416 480 526 572 ῶσπερ
554 479 598 552 ἀν
625 489 656 552 εί
681 484 851 574 παρόντας
883 484 969 574 ἕῶρα
996 482 1075 566 τοδς

58 589 173 670 θεούς.
220 586 395 676 ἀγάλματα
422 587 486 678 γὰρ
514 590 570 658 καὶ
598 589 733 677 βωμοὺς
759 593 815 660 καὶ
843 589 949 680 πυρὸς
976 587 1073 677 ἀσβέ-

29 728 43 768 5
61 717 145 765 στου
174 691 331 782 φυλακην
357 695 414 763 καὶ
432 694 541 763 πάντα
560 690 672 776 ἁπλῶς
697 695 738 764 τά
756 700 895 765 τοιαῦτα
922 696 1074 784 σύμβολα

15 797 20 812 χ
60 806 96 870 οί
120 802 259 891 πατέρες
287 804 403 869 ἔθεντο
431 803 489 888 τῆς
506 808 693 889 παρουσίας
709 805 778 870 τῶν
804 805 908 888 θεῶν,
937 798 998 889 οὐχ
1016 805 1114 875 ἵναΒ

60 910 173 977 ἐκεῖνα
204 904 309 985 θεοὺς
340 910 546 995 νομίσωμεν,
578 903 650 975 ἀλλ’
685 911 741 976 ἵνα
774 904 818 975 δι’
850 904 964 976 αὐτῶν
994 905 1075 989 τοὺς

59 1011 164 1093 θεοὺς
206 1011 476 1101 θεραπεύσωμευ.
522 1010 634 1099 ἐπειδὴ
671 1011 735 1102 γὰρ
764 1009 862 1102 ἡμᾶς
902 1011 1001 1094 ὄντας
1038 1015 1075 1081 έν

62 1119 191 1206 σῶματι
219 1115 407 1205 σωματικὰς
425 1122 494 1186 ἔδει
521 1129 693 1187 ποιεῖσθαι
720 1133 790 1199 τοῖς
813 1129 908 1201 θεοῖς
934 1121 990 1188 καὶ
1017 1117 1074 1199 τὰς

17 1258 47 1297 1o
61 1229 225 1315 λατρείας,
253 1220 423 1311 ἀσώματοι
451 1226 491 1292 δέ
515 1229 601 1292 είσιν
624 1221 733 1293 αὐτοί·
761 1227 875 1314 πρῶτα
901 1225 963 1313 μὲν
991 1230 1074 1294 ἔδει·

59 1332 122 1411 ξαν
158 1325 239 1417 ἡμῖν
271 1326 442 1416 ἀγάλματα
474 1329 510 1398 τὸ
545 1329 703 1421 δεύτερον
740 1327 805 1399 ἀπὸ
842 1334 904 1400 τοῦ
939 1331 1074 1420 πρῶτον

57 1439 129 1504 τῶν
164 1437 257 1503 θεῶν
293 1437 391 1520 γένος
426 1436 501 1523 περὶ
537 1435 645 1504 πάντα
680 1434 741 1505 τὸν
778 1434 927 1527 οὐρανὸν
963 1437 1073 1527 κύκλῳ
1093 1457 1134 1518 Cx

58 1540 335 1630 περιφερόμενον.
386 1541 575 1629 δυναμένης
608 1541 645 1610 δὲ
678 1539 757 1611 οὐδὲ
789 1542 921 1623 τούτοις
957 1539 1073 1612 ἀποδί-

60 1652 187 1715 δοσθαι
213 1649 272 1735 τῆς
289 1653 471 1737 θεραπείας
490 1650 696 1734 σωματικῶς·
725 1644 895 1737 ἀπροσδεᾶ
922 1649 986 1736 γάρ
1005 1650 1074 1716 ἐστι

15 1785 44 1826 15
59 1753 180 1840 φύσει·
212 1759 326 1842 τρίτον
358 1753 411 1820 ἐπὶ
443 1755 504 1839 γης
535 1754 698 1842 ἐξηυρέθη
731 1754 828 1838 γένος
864 1750 1074 1840 ἀγαλμάτων,

59 1863 108 1938 είς
144 1855 163 1927 δ
200 1856 259 1939 τάς
294 1863 475 1947 θεραπείας
511 1861 720 1939 ἐκτελοῦντες
757 1861 888 1940 ἑαυτοῖς
926 1857 1074 1946 εὐμενεῖς

21 2045 26 2053 ¹
58 1961 139 2045 τοὺς
166 1961 250 2045 θεὺς
282 1964 539 2052 καταστήσομεν.
585 1960 696 2053 ῶσπερ
729 1962 793 2055 γάρ
822 1969 858 2033 οί
881 1967 950 2032 τῶν
977 1970 1071 2051 βασι-

3 2093 26 2109 ·’
58 2071 146 2139 λέων
177 2069 422 2159 θεραπεύοντες
454 2069 600 2156 είκόνας,
633 2066 735 2138 οὐδὲν
767 2072 951 2157 δεομένων,
984 2067 1074 2157 ὅμως
1141 2073 1144 2076 ’

59 2177 257 2262 ἐφέλκονται
292 2173 354 2264 τὴν
391 2173 529 2244 εὔνοιαν
561 2181 608 2256 είς
640 2175 794 2262 ἑαυτούς,
831 2173 919 2244 οὕτω
951 2176 1007 2244 καὶ
1040 2180 1076 2243 οί

19 2313 45 2352 κο
58 2283 153 2350 θεῶν
188 2280 433 2368 θεραπεύοντες
467 2278 508 2349 τά
540 2277 727 2368 ἀγάλματα,
764 2282 933 2368 δεομένων
971 2278 1116 2355 οάδὲνΙ)

57 2389 127 2455 τῶν
154 2389 261 2473 θεῶν,
290 2384 379 2476 ὅμως
406 2378 588 2455 πείθουσιν
616 2383 739 2468 αὐτοὺς
766 2386 947 2474 ἐπαμύνειν
975 2395 1072 2475 σφίσι

57 2494 114 2561 καὶ
143 2493 319 2580 κήδεσθαι·
348 2497 467 2579 δεῖγμα
494 2493 558 2582 γάρ
587 2495 678 2561 ἐστιν
705 2489 750 2574 ῶς
777 2489 913 2581 ἀληθῶς
940 2489 1071 2582 ὁσιότη-

57 2624 115 2679 τος
143 2594 164 2686 o}
192 2601 267 2688 περὶ
293 2596 334 2667 τά
354 2596 482 2667 δυνατὰ
508 2605 693 2687 προθυμία,
721 2600 777 2668 καὶ
797 2594 814 2667 ό
838 2599 964 2686 ταύτην
991 2609 1072 2689 πλη-

44 2706 130 2792 ρῶν
157 2701 304 2792 εὔδηλον
331 2701 384 2773 ὅτι
410 2703 567 2791 μειζόνως
590 2706 722 2792 ἐκείνην
750 2701 968 2791 ἀποδίδωσιν,
997 2700 1073 2773 ὁδε

20 2840 44 2880 νε
57 2811 127 2877 τῶν
164 2813 319 2878 δυνατῶν
356 2807 544 2898 ὀλιγωρῶν,
573 2808 651 2890 Ιεἶτα
686 2809 974 2899 προσποιούμενος
1004 2813 1073 2878 τῶν

62 2911 242 2983 ἀδυνάτων
274 2913 452 3005 ὀρέγεσθαι
484 2915 585 3002 δῆλός
617 2917 706 2984 ἐστιν
739 2912 803 2984 οὐκ
835 2918 945 2983 ἐκεῖνα
976 2941 1073 3002 μετα-

126 3103 144 3152 4
163 3105 225 3154 oto
248 3098 360 3169 βωμοὺς
378 3107 407 3153 ot
425 3092 562 3169 φυλακὴν
580 3102 692 3168 spano]
711 3095 805 3169 βωμός
823 3106 851 3152 οῖ
870 3094 986 3168 φυλακὴ
1056 3104 1072 3153 9

59 3168 225 3235 σωματικῶς
253 3175 321 3248 pot„²
352 3170 423 3234 quod
453 3175 595 3236 praestare
625 3169 748 3232 videtum
780 3171 816 3224 of.
844 3169 918 3219 infra
948 3169 978 3245 C,
1041 3172 1073 3220 14

59 3231 208 3299 ἀπροσδεᾶ
232 3233 276 3304 Η]
302 3235 449 3303 απροαδεῆ
538 3240 569 3289 15
596 3234 705 3304 τρίτον]
733 3239 812 3300 „Imo
835 3251 902 3287 voro
925 3234 1071 3302 δεντερον,

57 3303 179 3354 nondum
204 3305 277 3355 enim
304 3305 454 3355 secundum
477 3319 564 3370 genus
587 3305 793 3355 simulacrorum
816 3304 871 3354 fuit
893 3307 1072 3365 nominatum,

58 3371 110 3422 sed
128 3371 296 3423 solummodo
314 3371 458 3436 primum.“
476 3372 544 3425 Κείς.
579 3371 639 3437 Ego
664 3365 762 3437 ἕτερον
784 3369 957 3435 conjeceram
992 3372 996 3433 Ι
1029 3363 1072 3434 ἔξ·

58 3433 155 3504 ηυρέθ
192 3436 235 3502 Η]
259 3430 401 3505 ἐξευρέθη
472 3440 502 3488 18
531 3429 618 3490 οὐδὲν
638 3436 679 3504 Η]
700 3429 794 3491 οόθὲν
881 3441 913 3489 19
940 3429 1073 3498 οότωςλί

57 3508 91 3558 20
110 3456 198 3558 οόδδν
216 3503 253 3571 Η]
273 3499 367 3557 οὐθὲν
436 3509 467 3556 21
488 3495 575 3572 ὅμως]
595 3497 671 3566 ὅπως
689 3509 714 3558 V
782 3506 815 3558 26
833 3498 965 3572 ὀρέγεται
982 3511 1038 3574 pet.

1183 3712 1214 3808 N
