2416 3864
472 175 610 228 oofflo
628 178 690 229 vn.
853 159 857 167 “
1016 179 1081 244 309

62 301 120 368 καὶ
148 313 219 380 ταῖς
237 296 331 381 ὅλαις
357 304 426 369 των
452 305 545 371 θεῶν
564 301 704 390 οὐσίαις,
732 311 770 372 αἳ
794 304 854 373 τὸν
882 304 962 375 ὅλον
980 311 1079 398 κοινή

62 405 192 494 κόσμον
219 407 507 496 ἐπιτροπεύουσιν,
536 406 608 477 ἀλλ’
639 406 681 478 ού
707 426 780 492 ταῖς
808 409 950 500 τὰμέρη
979 441 1078 482 κατα-

62 513 277 614 υειμαμέυαις
304 510 421 601 αὐτοῦ,
449 512 505 583 διὰ
532 516 836 606 μεγαλοφροσύνην
864 514 967 599 ἀξιῶν
995 540 1078 607 συμ-

61 619 312 690 πολιτεύεσθαι·
345 620 383 690 τό
411 647 446 690 τε
478 620 621 709 νόμιμον
654 619 696 692 ού
728 626 856 713 παρέβη
891 629 986 693 αίθοί
1009 628 1079 694 τῶν

34 730 165 813 ιθεωυ,
193 732 302 796 καίτοι
313 718 421 825 Ιτοίλλα
448 731 564 796 πατῶν
586 729 642 797 καὶ
669 730 944 821 παραχαράττων·
973 727 1119 800 αύτόνΒ

61 861 97 902 τε
115 829 179 902 ούκ
206 833 426 922 ἐπανήγαγεν,
454 831 539 903 ὅθεν
557 831 701 923 ἅσμενος
722 833 942 925 ἠλευθέρωτο.
983 844 1019 905 τί
1044 835 1075 906 θ’

61 931 105 1027 ήν
131 942 247 1021 τούτος
279 938 317 1008 τὸ
345 938 473 1022 πόλεως
499 943 576 1029 μιάς
603 945 784 1011 δουλεῦσαι
811 942 927 1029 νόμοις
955 943 1078 1012 ἑαυτόν

61 1073 97 1114 τε
123 1041 305 1115 ὑποθεῖναι
331 1047 455 1138 τούτῳ,
489 1044 570 1135 ὅπερ
598 1040 641 1135 ήν
674 1045 803 1135 ἀνάγκη
832 1059 954 1118 παθεῖν
980 1046 1077 1137 Ἀθη-

61 1158 147 1244 υαίφ
175 1155 352 1245 γενομένω.
397 1156 468 1234 πως
495 1152 559 1243 γὰρ
587 1150 650 1222 ούκ
682 1160 815 1242 ἔμελλεν
844 1151 861 1223 ὁ
890 1157 959 1222 των
985 1158 1078 1224 θεῶν

21 1291 47 1331 ιο
61 1261 175 1328 ἕνεκεν
202 1264 249 1340 είς
274 1256 458 1347 Ὀλυμπίαν
485 1264 641 1347 βαδίζων,
669 1256 687 1329 ὁ
712 1263 758 1352 τῷ
777 1267 901 1352 Πυθίῳ
928 1264 1078 1343 πεισθεὶς

60 1365 116 1434 καλ
135 1366 369 1454 φιλοσοφήσας
388 1363 498 1456 ὥσπερ
518 1366 699 1456 Σωκράτης
727 1363 894 1458 [ύστερον,
923 1363 968 1448 ὥς
992 1365 1076 1457 Ἀρι-

61 1472 245 1559 στοτέλης]·
278 1474 362 1559 φησὶ
389 1470 453 1560 γάρ
485 1473 541 1541 καὶ
569 1469 671 1554 αύτός
703 1471 791 1541 εἶναι
817 1473 956 1542 Πύθιον
990 1483 1077 1542 οίκοι

60 1574 141 1666 παρ’
172 1579 290 1669 ἑαυτῷ,
318 1576 402 1648 ὅθεν
420 1575 511 1670 αύτῷ
530 1575 626 1666 καλή
654 1574 740 1669 ὁρμή
759 1577 843 1668 πρὸς
870 1586 1077 1666 φιλοσοφίαν

61 1685 206 1770 ἐγένετο·
236 1682 309 1772 [μή]
338 1686 492 1774 παριέναι
511 1688 579 1752 των
597 1682 793 1774 άνακτόρων
811 1692 889 1753 εἴσω
908 1686 964 1752 καὶ
983 1684 1128 1772 μάλανοο

22 1817 48 1856 ιτ
62 1787 229 1878 ἀσμένως,
258 1795 289 1858 εί
313 1789 358 1879 μή
386 1794 485 1859 τούτο
514 1792 655 1872 ἐξέκλινε
686 1789 723 1859 τὸ
753 1787 934 1858 ὑποθεῖναι
962 1790 1078 1876 νόμοις

61 1893 184 1964 ἑαυτὸν
211 1898 266 1964 καὶ
295 1901 422 1966 δοῦλον
449 1893 623 1985 άποφήυαι
641 1902 821 1978 πολιτείας,
849 1892 932 1963 ἀλλὰ
961 1894 1018 1964 διὰ
1044 1902 1080 1964 τί

60 2001 106 2090 μή
133 2001 259 2089 ταύτην
287 1998 393 2091 αὐτήν
420 2000 490 2071 εἶπε
517 2000 579 2091 τήν
607 2008 728 2088 αἰτίαν,
756 2004 792 2071 ἐκ
819 2004 887 2069 τῶν
915 2003 1077 2068 ἐναντίων

61 2107 99 2176 δὲ
126 2106 189 2196 τήν
215 2111 490 2198 παραιρουμένηυ
508 2101 550 2177 άύ
569 2106 690 2198 σμικρά
708 2110 767 2196 τής
789 2109 857 2176 τῶν
884 2112 1078 2195 μυστηρίων

61 2213 275 2302 σεμνότητοςς
305 2222 384 2296 ἴσως
411 2214 473 2303 μέν
500 2212 620 2299 άντις
646 2211 687 2283 τά
714 2217 853 2283 τοιαῦτα
881 2213 936 2281 καὶ
955 2221 1075 2281 Πυθα-

21 2345 47 2384 ιο
61 2319 148 2410 γόρηι
181 2319 322 2408 μάλιστα
354 2319 580 2409 έπισκήψειεν,
618 2317 680 2389 ούκ
713 2317 828 2409 ὀρθῶς
859 2318 1076 2407 λογιζόμενος.

10 2485 13 2493 „
61 2423 140 2495 ούτε
167 2423 241 2513 γάρ-
260 2420 379 2516 ῥητέον
406 2427 514 2495 πάντα
542 2429 647 2513 ἐστίν,
676 2423 790 2495 αύτῶν
816 2453 852 2494 τε
880 2423 972 2513 οἶμαι
1000 2424 1076 2493 τού-

60 2558 145 2617 των,
184 2558 232 2599 ων
263 2533 361 2621 θέμις
394 2533 515 2621 φάναι,
552 2538 626 2602 ἔνια
662 2530 747 2620 πρὸς
779 2530 895 2622 (τοὺς)
932 2530 1078 2611 πολλοὺς

61 2636 307 2741 σιωπητέον
275 2643 366 2706 ειυαί
390 2666 447 2727 μοι
475 2646 638 2725 φαίνεται.
676 2665 805 2727 φανερα
834 2634 919 2706 δέ“
900 2664 988 2725 ομως
1007 2637 1119 2705 έστὶΒ

60 2742 117 2811 καλ
144 2742 275 2812 τούτων
302 2739 322 2831 ή
351 2749 449 2813 αίτία.
485 2744 695 2831 κατανοήσας
713 2771 777 2833 γαρ
805 2740 1077 2831 άμελούυταυ
1016 2741 1077 2828 μὲν

21 2873 48 2912 ιι
61 2875 120 2936 της
146 2848 281 2939 περὶ
249 2877 310 2918 του
337 2856 416 2938 βίον
444 2847 638 2939 ὀρθότητος,
667 2850 720 2917 ἐπὶ
747 2848 785 2918 δέ
810 2875 857 2916 τω
879 2851 1078 2951 μεμυῆσθαι

130 2988 255 3052 omma
273 3002 371 3068 spanh.
392 2995 507 3060 Ιοιύτόυ
525 3005 550 3053 V
618 2993 706 3053 θούκ
723 3001 799 3052 delet
817 3000 895 3061 Rsk„
915 3014 967 3086 ego
984 3000 1077 3063 potius

62 3069 95 3117 14
120 3065 160 3132 μὴ
190 3069 409 3145 expungendum
425 3084 485 3120 osse
513 3084 613 3121 conseo
690 3071 722 3120 10
748 3061 847 3119 ἕνεκεν
868 3037 906 3133 Η]
935 3064 1047 3118 εἵνεκεν
1072 3063 1075 3131 l

60 3132 196 3199 βαδίζειν
213 3140 269 3200 pet
341 3138 372 3188 11
391 3123 512 3200 υσίερον
530 3153 593 3216 ego,
611 3127 649 3194 ως
665 3127 855 3202 Ἀριστοτέλης
873 3135 1007 3184 Potavius
1025 3134 1076 3183 tol-

61 3202 143 3252 lenda
162 3217 224 3253 esse
241 3208 369 3268 putamus
457 3207 488 3255 17
507 3197 600 3284 αὐτὴν
619 3204 725 3254 deest'
718 3219 747 3252 m
766 3206 822 3268 pet.
909 3204 942 3251 20
960 3191 1079 3266 ἐπισκή-

60 3265 191 3336 φειεν],
194 3270 313 3335 ,Incipio
337 3287 410 3321 nuno
432 3273 535 3334 vereri,
558 3286 593 3321 ne
610 3270 747 3333 Iulianus,
772 3269 836 3321 aovi
853 3269 897 3319 sui
914 3267 1114 3320 soloecismo

61 3335 204 3402 deceptus,
222 3329 411 3422 ἐπισκήπτειν
429 3308 607 3404 οεοεμέυεείτ
625 3354 673 3403 pro
692 3307 923 3402 ἐπισκήπτεσθαι
942 3337 1016 3401 queri
1032 3336 1077 3384 vel

59 3407 188 3455 incusare.
224 3404 303 3470 cujus
315 3406 367 3457 rei
388 3407 503 3456 memini
518 3405 577 3524 jam
584 3421 684 3490 supra
707 3421 733 3469 p.
753 3405 836 3455 186ss
863 3405 969 3480 legero
986 3419 1077 3454 exem-

60 3472 164 3550 plum.“
184 3472 252 3524 Rsk
321 3475 353 3523 21
377 3465 455 3524 ἐστίν
473 3465 542 3539 VN
544 3471 592 3524 στί
659 3475 692 3523 22
716 3468 852 3538 φάναιλ1
885 3469 890 3536 Ι
922 3463 989 3530 τούς
1008 3471 1077 3522 πολ-

61 3532 128 3599 λούς
145 3534 186 3604 H]
206 3533 329 3598 πολλούς
1023 3584 1031 3594 .
