2436 3870
320 153 577 206 οεεοωεατοα
594 154 805 211 εειευοοεε.
1008 155 1070 219 387

55 284 125 350 τῶν
164 283 274 349 θεῶν·
317 282 381 348 είσὶ
418 280 456 349 δέ
492 272 586 350 οὗτοι
622 283 739 350 πολλοὶ
757 372 760 375 .
780 280 842 369 μὲν
877 284 934 350 καί
974 284 1072 352 καλοὶ

55 388 273 474 πεποιημένοι
304 395 457 468 παλαιοῖς
490 388 545 455 καὶ
562 388 677 468 νέοις·
712 383 753 456 ού
785 385 853 475 μὴν
885 385 958 457 ἀλλ’
988 391 1070 458 ἐκεί-

55 521 139 574 νους
166 495 340 582 πειρατέον
367 496 567 569 ἐπίστασθαι
594 490 673 574 τούς
700 497 737 562 ἐν
763 508 835 574 τοῖς
862 498 964 584 ἱεροῖς
991 492 1069 585 ᾀδο-

56 601 188 687 μένους.
230 600 266 666 οἱ
289 607 437 669 πλεῖστοι
465 597 529 688 γὰρ
557 595 615 668 ὑπ’
645 595 758 668 αὐτῶν
784 602 853 668 των
878 603 972 669 θεῶν
1000 606 1123 670 [us-302

31 707 247 777 ετευθέντων
275 698 458 793 ἐδόθησαν,
487 702 595 792 ὀλίγοι
614 707 654 774 δέ
669 732 757 786 τινες
785 705 996 794 ἐποιήθησαν
1013 709 1070 776 καί

55 809 147 900 παρὰ
174 807 382 901 ἀνθρώπων,
415 806 481 880 ὑπὸ
508 811 697 899 πνεύματος
728 813 851 881 ἐνθέου
877 813 934 881 καὶ
961 816 1071 900 ψυχῆς

56 913 184 1004 ἀβάτου
216 931 288 998 τοῖς
318 931 433 998 κακοῖς
460 919 514 986 ἐπὶ
540 919 580 1006 τῇ
608 919 676 985 τῶν
703 920 796 986 θεῶν
827 921 905 1006 τιμῇ
937 924 1068 1002 συγκεί-
1128 952 1129 955 “

56 1050 161 1111 μενοι.
215 1023 319 1091 ταύτά
355 1050 393 1109 γε
429 1021 524 1104 άξιον
565 1023 773 1110 ἐπιτηδεύειν
812 1024 869 1091 καὶ
910 1021 1070 1111 εύχεσθαι

55 1129 215 1209 πολλάκις
241 1143 310 1209 τοῖς
341 1140 435 1209 θεοῖς
467 1133 537 1220 ἱδίηι
564 1130 620 1198 καὶ
649 1133 808 1219 δημοσίᾳ,
841 1129 981 1217 μάλιστα
1009 1130 1071 1218 μὲν

15 1266 41 1307 ιο
55 1236 127 1324 τρίς
158 1237 216 1322 τῆς
248 1230 385 1324 ἡμέρας,
417 1241 449 1304 εί
475 1235 513 1304 δὲ
539 1235 599 1323 μή,
631 1235 763 1317 πάντως
790 1233 920 1326 ὄρθρου
951 1262 986 1304 τε
1013 1237 1071 1305 καὶ

56 1346 179 1428 δείλης·
213 1337 294 1410 οὐδὲ
325 1341 390 1427 γὰρ
421 1339 564 1428 εύλογον
596 1338 734 1412 άθντον
764 1339 859 1428 άγειν
890 1338 1017 1431 ἡμέραν
1048 1338 1070 1430 ἢ

55 1447 163 1515 νύκτα
189 1445 249 1516 τὸν
282 1449 478 1538 ἱερωμένον·
511 1444 595 1537 ἀρχὴ
623 1447 661 1516 δὲ
689 1446 815 1538 ὄρθρος
845 1448 907 1536 μὲν
934 1444 1110 1538 ἡμέρας,Β

56 1549 140 1633 ὀψία
168 1551 204 1620 δὲ
235 1554 364 1633 νυκτός.
410 1551 551 1640 εύλογον
584 1552 622 1622 δὲ
649 1551 848 1643 ἀμφοτέρων
879 1568 949 1635 τοῖς
975 1565 1071 1635 θεοῖς

55 1655 267 1746 ἀπάρχεσθαι
294 1662 362 1728 τοῖν
380 1658 623 1747 διαστημάτων,
651 1656 733 1727 ὅταν
756 1661 882 1740 ἐξωθεν
904 1663 963 1746 τῆς
982 1664 1069 1749 ἱερα-

11 1792 41 1836 1ο
55 1766 148 1851 τινιῆς
181 1760 275 1846 ὅντες
306 1765 523 1853 τυγχάνωμεν
554 1771 777 1854 λειτουργίας·
816 1761 860 1846 ὡς
891 1766 932 1834 τά
963 1792 1001 1850 γε
1032 1768 1070 1833 ἐν

55 1876 128 1950 τοῖς
158 1872 277 1958 ἱεροῖς,
310 1868 374 1940 ὅσα
405 1871 543 1961 πάτριος
570 1870 759 1961 διαγορεύει
791 1871 911 1960 νόμος,
943 1871 1069 1958 φνλάτ-

54 2002 125 2044 τειυ
153 1977 288 2064 πρέπει,
322 1978 379 2046 καί
406 1974 484 2046 ούτε
516 1978 618 2046 πλέον
646 1974 724 2046 ούτε
752 1977 889 2046 ἔλαττόν
916 2003 947 2045 τι
973 2003 1069 2064 ποιη-

55 2082 132 2150 τέον
160 2078 286 2150 αὐτῶν·
314 2079 408 2150 ιἰίδια
435 2083 499 2172 γάρ
527 2085 596 2151 ἐστι
622 2080 662 2149 τὰ
680 2085 748 2151 τῶν
773 2086 879 2151 θεῶν·
908 2080 1070 2151 ὥστεκαὶ

55 2181 142 2274 ἡμᾶς
168 2184 231 2276 χρη
264 2198 438 2275 μιμεῖσθαι
469 2187 532 2276 τὴν
560 2184 681 2257 ούσίαν
708 2185 836 2274 αύτων,
869 2185 915 2257 ἵν’
946 2185 1108 2269 αύτούςῡ

12 2323 39 2363 νο
56 2291 272 2378 ἱλασκύμεθα
291 2292 347 2362 διὰ
365 2297 465 2363 τοῦτο
493 2296 603 2362 πλέον.
640 2298 671 2360 εί
697 2293 758 2381 μέν
781 2285 845 2362 οὖν
863 2285 946 2383 ἦμεν
969 2291 1067 2364 αύτο-

54 2398 160 2485 ιγνχαὶ
187 2397 300 2486 μόναι,
327 2396 366 2469 τδ
393 2402 488 2488 σῶμα
516 2398 554 2468 δέ
580 2397 664 2488 πρὸς
691 2398 797 2488 μηδὲν
819 2396 899 2488 ἡμῖν
927 2400 1069 2489 διώχλει,

54 2505 165 2583 καλῶς
199 2499 279 2593 (διν)
313 2503 401 2593 εἶχεν
432 2509 492 2575 ἕνα
519 2503 595 2574 τινὰ
621 2520 691 2586 τοῖς
723 2509 869 2595 ἱερεῦσιν
897 2503 1069 2597 ἀφορίζειν

55 2616 147 2697 βίον·
184 2611 253 2678 ἐπεὶ
290 2610 328 2679 δὲ
364 2609 426 2699 ούχ
464 2614 611 2702 ἱερεῦσιν
647 2606 774 2697 ἁπλῶς,
811 2609 894 2681 ιἰλλδι
929 2614 986 2682 καὶ
1023 2609 1069 2694 οδς

56 2719 139 2800 ἱερεῖ
168 2715 328 2804 προσήκει
359 2717 481 2804 μόνον,
519 2713 537 2786 δ
569 2715 612 2804 δὴ
644 2714 727 2786 κατὰ
762 2717 824 2786 τὸν
859 2717 980 2808 καιρὸν
1011 2721 1069 2806 της

13 2849 41 2890 νε
56 2826 264 2909 λειτουργίας
296 2824 537 2910 ἐπιτηδευτέον.
581 2828 618 2891 τί
646 2821 684 2890 δὲ
716 2818 762 2904 ως
794 2824 977 2913 ἱερατεύειν
1009 2822 1067 2892 ἆν-
1160 2888 1162 2891 ,

54 2924 183 3017 θρωπιμ
216 2923 350 3014 λαχόντι
383 2930 631 3018 συγχωρητέον,
659 2925 740 2998 ὅταν
773 2928 865 3011 ἐκτὸς
892 2920 914 3019 ᾖ
945 2933 1003 3017 τῆς
1032 2931 1068 2998 ἐν

53 3046 131 3112 τοῖς
157 3035 260 3122 ἱεροῖς
290 3040 511 3125 λειτουργίας;
545 3031 637 3122 οἶμαι
663 3034 702 3103 δὲ
731 3038 852 3125 χρῆναι
883 3033 943 3105 τὸν
979 3036 1110 3125 ἱερέαλ)

139 3240 157 3287 4
178 3229 233 3302 ὑφ’
253 3232 350 3316 ορύτῶν
367 3238 407 3302 V,
430 3228 483 3302 ὑφ’
503 3228 600 3289 αύτῶν
617 3253 634 3288 v
697 3240 753 3317 ‚1'0
771 3231 881 3306 ὄρθρου
899 3238 939 3306 τε]
958 3232 1068 3315 ὄρθρου

53 3309 108 3368 ys?
179 3306 211 3356 18
232 3303 328 3356 αυτῶν
351 3305 419 3359 Rsk.
437 3310 465 3356 et
481 3301 642 3370 Horkelius]
667 3321 756 3356 αυτον
789 3305 794 3372 Ι
826 3301 860 3358 τά
880 3305 956 3374 Cob.]
976 3307 1069 3359 ταῦτα

54 3373 86 3420 22
104 3360 142 3421 δν
161 3371 222 3424 add.
242 3373 268 3421 H
345 3376 377 3424 23
401 3365 463 3424 ἐπεὶ
482 3367 516 3424 δὲ
535 3363 587 3438 ούχ
606 3366 657 3438 ἱερ.
676 3369 749 3438 κτλ]
770 3375 943 3436 „Mendosus
961 3373 1068 3426 locus.“

53 3439 138 3555 Ρει.Η
183 3441 216 3490 24
235 3444 264 3490 et
281 3443 314 3490 25
332 3439 383 3505 τῆς
403 3437 592 3505 λειτουργίας]
613 3438 797 3505 λειτουργιῶν
816 3445 874 3506 pet.
961 3445 993 3494 25
1016 3432 1066 3508 ὥς]

53 3521 92 3555 τω

799 3588 854 3644 25*
