2416 3864
461 160 597 214 ORATIO
615 161 692 215 vm.
1012 163 1075 227 313

40 305 181 380 πεῖραν
208 291 355 378 ἐμαυτοῦ
381 287 627 378 λαμβάνων,”
608 317 697 371 οπως
723 287 807 380 πρὸς
832 287 895 378 τὴν
923 289 988 378 σὴν
1015 317 1075 360 πο-

59 402 155 486 ρείαν
187 401 250 484 ἔχω
282 423 317 465 τε
349 398 405 465 καὶ
437 398 516 483 ἔξω,
548 400 712 466 τοσοῦτον
745 398 788 485 [μ
788 396 826 465 ἐν
830 397 845 483 ]
880 393 1077 485 ὠδυνήθην,

33 500 144 572 ὅσον
171 499 226 571 ὅτε
252 504 386 592 πρῶτον
403 502 463 572 τὸν
491 506 638 591 ἐμαυτοῦ
657 503 873 591 καθηγεμόνα
900 504 1078 572 κατέλιπον

60 619 161 679 οίκοι
189 607 327 678 πάντων
353 607 418 699 γάρ
438 605 573 699 ἀθρόως
600 609 704 698 εἰσῄει
722 637 762 698 με
779 608 903 698 μνήμη,
931 612 990 696 τῆς
1007 612 1076 678 τεόν

31 715 178 790 επόνων
204 721 398 801 κοινωνίας,
432 706 482 784 33
508 712 662 803 ἀλλήλους
689 718 991 803 συνδιηνέγκαμεν,
1018 718 1077 803 τῆς

60 819 233 891 ἀπλάστου
269 822 326 889 καί
362 825 516 910 καθαράς
552 821 741 909 ἐντεύξεως,
773 824 831 908 της
862 818 989 890 ἀδόλου
1021 822 1121 890 καίΙ)

60 932 194 1007 δικαίας
232 921 376 1014 ὁμιλίας,
412 930 471 1015 τῆς
502 930 539 996 ἐν
571 924 675 996 άπασι
710 941 781 1008 τοῖς
816 935 931 1008 καλοῖς
966 954 1077 996 κοινο-

60 1040 220 1123 πραγίας,
248 1036 306 1120 τῆς
332 1031 416 1123 πρὸς
442 1031 523 1114 τοῦς
549 1030 718 1122 πονηροὺς
747 1032 932 1122 ἰσορρόπου
959 1060 994 1102 τε
1021 1034 1078 1104 καὶ

61 1137 311 1228 ἀμεταμελήτου
338 1145 531 1228 προθυμίας
547 1166 584 1207 τε
601 1140 657 1206 καὶ
677 1134 791 1228 ὁρμῆς,
819 1134 865 1220 τός
887 1135 957 1227 μετ’
979 1135 1077 1228 ἀλλή-

21 1284 47 1322 10
61 1255 132 1314 λων
160 1251 300 1332 ἔστημεν
318 1244 475 1326 πολλάκις
494 1243 571 1315 ἶσον
593 1241 709 1332 θυμόν
727 1250 869 1333 ἔχοντες,
897 1241 1079 1336 ὁμότροποι

60 1352 118 1420 καί
150 1351 308 1420 ποθεινοί
335 1358 438 1437 φίλοι.
482 1350 567 1442 πρὸς
594 1350 632 1419 δὲ
663 1342 709 1418 αὖ
739 1351 871 1432 τούτοις
904 1351 1007 1441 είσῄει
1039 1379 1079 1439 με

61 1457 175 1546 μνήμη
206 1459 268 1525 τοῦ
303 1455 421 1545 Οίαόθη
454 1454 486 1525 δ’
513 1454 685 1538 Ὀδυσεῦς·
718 1458 785 1545 εἰμὶ
818 1455 883 1545 γὰρ
910 1455 975 1542 ἐγὼ
1008 1460 1074 1525 νῦν

61 1566 180 1654 ἐκείνῳ
207 1563 451 1652 παραπλήσιος,
484 1564 553 1632 ἐπεὶ
581 1561 618 1630 σέ
650 1562 712 1650 μὲν
743 1561 826 1631 κατὰ
857 1561 918 1632 τὸν
936 1561 1079 1650 ’Ἕκτορα

60 1668 144 1751 θεὸς
171 1669 331 1756 ἐξήγαγεν
358 1670 420 1749 ἔξω
439 1672 558 1756 βελῶν,
586 1659 635 1737 33
654 1672 689 1736 οί
714 1668 925 1755 συκοφάνται
951 1669 1131 1737 πολλά-242

22 1810 47 1850 15
62 1804 114 1857 κις
152 1772 289 1863 ἀφῆκαν
324 1776 378 1844 ἐπί
400 1764 468 1861 σέ,
505 1778 632 1862 μάλλον
669 1772 707 1842 δέ
738 1779 787 1855 είς
821 1776 893 1862 ἐμέ,
926 1774 983 1870 διά
1015 1777 1079 1843 σοῦ

61 1884 194 1970 τρῶσαι
222 1880 438 1968 βουλόμενοι,
465 1880 585 1972 ταάτη
597 1907 637 1967 με
659 1879 771 1968 μόνον
798 1876 969 1968 ἁλώσιμον
995 1876 1077 1949 ῦπο-

63 1987 303 2075 λαμβάνοντες,
332 1992 363 2055 εί
388 1989 450 2056 τοῦ
476 1989 598 2056 πιστοῦ
629 1993 733 2072 φίλου
764 1988 820 2055 καὶ
849 1989 1079 2055 συνασπιστοῦ

63 2093 246 2182 προθύμου
284 2094 340 2161 καὶ
376 2090 460 2182 πρὸς
495 2090 575 2173 τοῦς
606 2091 790 2172 κινδύνους
823 2089 1078 2180 άπροφασίστου

63 2201 233 2268 κοινωνοῦ
259 2201 329 2287 της
345 2204 528 2292 συνουσίας
555 2198 758 2287 στερησειαν.
796 2195 838 2267 οῦ
856 2195 924 2286 μην
943 2204 1079 2267 ἐλαττον

24 2341 49 2381 20
64 2303 161 2434 οἶμαί
186 2325 223 2374 σε
251 2302 308 2374 διὰ
334 2307 434 2374 τοῦτο
462 2301 576 2390 ἀλγεῖν
602 2300 624 2391 3
652 2301 717 2390 ἐγὼ
745 2306 821 2390 νῦν,
850 2301 901 2372 ὅτι
929 2324 984 2373 σοι
1010 2306 1079 2373 τῶν

62 2411 180 2481 πόνων
198 2412 255 2480 καί
280 2413 349 2479 τῶν
367 2410 539 2479 κινδύνων
566 2416 703 2479 ἐλαττον
721 2412 882 2497 μέτεστιν,
909 2407 993 2478 ἀλλὰ
1019 2410 1075 2478 καὶ
1095 2421 1119 2474 Β

63 2519 166 2586 πλέον
192 2513 277 2607 ῦπδρ
305 2519 388 2605 ἐμοῦ
415 2518 562 2585 δεδιέναι
588 2517 702 2585 καί
661 2543 720 2603 της
744 2518 822 2604 ἐμῆς
848 2516 1004 2605 κεφαλῆς,
1032 2516 1077 2604 μή

63 2651 95 2691 τι
125 2622 231 2712 πάθη.
275 2624 332 2691 καὶ
364 2622 428 2710 γάρ
459 2648 511 2690 τοι
547 2623 603 2691 καί
635 2619 737 2704 αὐτὸς
771 2618 834 2691 οῦκ
866 2624 903 2690 ἐν
935 2623 1079 2713 δευτέρῳ

63 2731 133 2797 τῶν
159 2731 249 2834 ἐμῦν
277 2727 453 2817 ἐθέμην
420 2755 460 2797 τα
488 2728 541 2814 σά,
569 2728 625 2796 καὶ
649 2730 713 2812 σοῦ
740 2726 778 2795 δὲ
797 2723 921 2816 ὁμοίως
946 2733 1081 2816 ἔχοντος
1172 2747 1176 2756 ”

26 2867 51 2908 ιε
64 2833 149 2925 πρὸς
174 2826 262 2922 ἡμᾶς
288 2831 454 2924 ᾐσθόμην.
491 2831 575 2903 ὅθεν
602 2833 737 2914 εἰκότως
764 2833 819 2901 καί
842 2832 930 2920 μάλα
958 2834 1079 2902 δάκνο-

65 2968 135 3028 μαι,
164 2937 216 3009 ότι
243 2960 310 3028 σοι,
336 2944 405 3008 τῶν
432 2938 543 3009 ἀλλων
570 2943 667 3008 ἕνεκα
694 2940 802 3026 λέγειν
830 2938 1008 3053 δυναμένῳ
1105 2970 1107 2973 ·

134 3119 265 3189 λέξωλλ
297 3118 452 3189 Ιμέν.οαι
469 3122 498 3171 Μ
567 3127 582 3174 3
606 3139 656 3174 τον
673 3138 725 3174 om
744 3122 771 3171 Μ
840 3112 991 3172 4πάντων
1009 3116 1080 3187 VM]

65 3185 181 3251 πάντως
249 3194 265 3244 8
289 3207 320 3242 τε
339 3207 391 3241 om.
409 3192 437 3241 M
506 3193 522 3241 9
545 3185 634 3256 όρμῆς
657 3186 737 3256 Cob.]
762 3180 859 3255 ῥώμης
929 3191 960 3239 10
983 3182 1082 3253 ἔχοντε

67 3259 145 3323 001),
165 3275 247 3325 quum
266 3258 391 3309 Iulianus
409 3257 524 3311 Iliada
531 3261 610 3336 ,704
627 3257 766 3336 respiciat.
804 3255 859 3306 Sed
880 3261 974 3320 potest
996 3257 1091 3306 etiam.

65 3297 147 3377 Iliad'.
167 3344 192 3393 ρ,
212 3329 262 3377 770
279 3333 450 3404 spectare
490 3328 521 3375 1⁶2
531 3295 573 3375 δ’
591 3316 765 3389 Ὀδυσεῦςμ
767 3328 804 3375 et.
823 3340 857 3374 ex
874 3323 955 3374 Iliad.
973 3324 1003 3386 λ,
1021 3325 1081 3386 401,

66 3389 100 3446 33
114 3387 273 3453 Ὀδυσσείας
289 3393 348 3443 VM
395 3396 426 3444 13
435 3381 571 3459 Ἕκτορα]
591 3392 671 3444 Iliad
689 3392 713 3454 λ,
728 3341 777 3442 133
821 3393 928 3442 179118
946 3359 1083 3472 Ττόυεμο-

66 3463 184 3513 nendum
209 3465 252 3512 est
273 3454 430 3578 προθόμου
452 3458 647 3512 συνασπιστοῦ
716 3462 747 3510 21
771 3455 903 3525 μέτεστιν
921 3454 992 3524 VM]
1016 3454 1083 3525 μὲτ·
1171 3504 1176 3507 .

67 3544 125 3580 εστι
196 3531 228 3578 24
247 3522 352 3579 σοῦδὲ
371 3525 407 3594 H]
427 3525 478 3578 σοῦ
497 3542 529 3592 γε
