2416 3864
140 139 204 204 320
443 140 587 193 mmm
604 137 854 190 ιωεειελίοειιε

142 264 233 358 αὐτῶ
260 273 388 351 κρίνειν
415 268 472 336 καὶ
499 268 668 354 καθορᾶν,
696 262 780 333 ἀλλά
806 265 862 333 καὶ
889 262 930 331 τὰ
957 263 1074 351 πόρρω
1103 265 1156 332 καὶ

89 373 285 464 ν4ιμνριάσι
314 379 461 442 σταδίων
493 371 707 463 ἀπῳκισμένα
735 373 806 439 τῶν
839 371 1033 457 γενομένων
1068 367 1156 458 παρά

141 481 231 550 πόβα
248 482 304 549 καὶ
322 478 387 569 πρὸ
405 483 476 548 ,τῶν
504 476 693 566 ὀφθαλμῶν
712 483 886 546 δείκνυσιν
905 478 1155 566 ἐναργέστερον,

141 593 177 656 τί
201 584 262 676 χρή
289 589 454 655 τοσοῦτον
481 581 644 654 ἀνιᾶσθαι
672 585 728 653 καὶ
756 589 911 672 σχετλίως
938 585 1071 671 φέρειν;
1105 580 1154 651 ὅτι

142 693 180 762 δὲ
208 689 270 762 οὐκ
297 689 486 782 ἀμάρτυρος
513 687 531 761 ὁ
560 691 659 776 λόγος
686 692 759 759 ἐστί
782 716 850 779 μοι,
1165 713 1175 753 ι

223 819 318 898 Νοῦς
345 812 407 906 ὁρή
435 817 491 885 καὶ
517 817 601 896 νοῶς
628 811 743 884 ἀκούει

143 941 248 1029 φησὶν
277 935 294 1010 ό
315 940 527 1028 Σικελιῶτης,
552 936 661 1019 ὀὕτως
680 935 740 1018 ὀξὺ
762 941 872 1026 χρῆμα
890 938 946 1005 καὶ
965 936 1057 1024 τάχει
1075 935 1154 1026 χρῶ-

143 1073 247 1135 μενον
288 1043 467 1139 ἀμηχάνῳ,
504 1042 596 1114 ·ῶσθ’
640 1042 722 1113 όταν
762 1041 837 1112 τινα
877 1046 946 1111 τῶν
988 1043 1153 1131 δαιμόνων

135 1150 283 1241 Ὄμηρος
309 1155 408 1240 έθέλη
440 1153 644 1241 κεχρημένον
675 1148 802 1242 ἀπίστῳ
835 1155 972 1237 πορείας
1000 1148 1153 1229 ἐπιδείξαι
1204 1206 1205 1211 ,

143 1259 248 1345 τάχει,
1162 1277 1178 1317 ιι

221 1376 278 1460 Ὡς
306 1377 338 1448 β’
369 1377 419 1448 ὅτ’
450 1376 493 1448 άν
521 1377 597 1468 ἀίξη
624 1379 705 1461 νόος
733 1377 853 1469 ἀνέρος
880 1398 902 1403 ”

105 1527 240 1609 Βφησί.
289 1520 396 1613 τούτῳ
433 1548 485 1590 τοι
522 1521 691 1610 χρώμενος
731 1525 837 1612 ῥᾷστα
873 1520 934 1608 μὲν
970 1517 1152 1609 Ἀθήνηθεν

146 1625 221 1708 ὄψει
257 1625 318 1696 τὸν
349 1630 387 1695 έν
421 1623 546 1719 Ἰωνίᾳ,
583 1631 689 1719 ῥᾷστα
722 1627 759 1697 δὲ
791 1630 827 1695 ἐκ
858 1629 997 1695 Κελτῶν
1030 1624 1091 1695 τόν
1122 1627 1151 1693 έν

143 1731 316 1823 Ἰλλυριοῖς
343 1734 399 1802 καὶ
428 1733 553 1824 Θρηίκη,
580 1736 635 1802 καλ
662 1730 723 1802 τόν
751 1735 788 1802 έν
808 1741 944 1813 Κελτοῖς
972 1735 1009 1802 ἐκ
1030 1732 1153 1823 Θρᾴκης

147 1840 203 1908 καὶ
228 1837 406 1929 Ἰλλυριῶν.
443 1841 499 1908 καὶ
522 1837 586 1928 γάρ
605 1835 696 1925 οὐδ’,
724 1837 834 1926 ῶσπερ
861 1853 931 1919 τοῖς
959 1855 1083 1927 φυτοῖς
1100 1833 1153 1907 οὐκ
1162 1856 1179 1899 15
1206 1869 1208 1883 ⁴

146 1951 196 2014 ένι
225 1945 389 2030 σώζεσθαι
407 1943 469 2032 τήν
488 1946 622 2034 συνήθη
642 1945 756 2034 χῶραν
783 1945 1061 2032 μεταβάλλουσιν,
1080 1942 1153 2013 ὅταν
1201 1944 1202 1948 ’

146 2049 166 2140 ἡ
194 2056 262 2121 τῶν
290 2049 388 2141 ῶρῶν
415 2043 436 2141 ή
464 2052 581 2141 κράσις
607 2054 758 2138 ἐναντία,
785 2053 841 2120 καὶ
869 2065 938 2131 τοῖς
966 2047 1154 2138 ἀνθρώποις

147 2163 324 2246 συμβαίνει
341 2155 446 2226 τόπον
465 2159 500 2226 ἐκ
518 2158 623 2227 τόπου
642 2157 907 2246 μεταβάλλουσιν
925 2151 945 2244 ή
966 2161 1155 2244 διαφθείρε-

148 2274 229 2332 σθαι
256 2266 426 2343 παντελῶς
452 2259 472 2349 ή
500 2261 562 2332 τὸν
588 2264 716 2353 τρόπον
734 2261 884 2352 ἀμείβειν
906 2263 962 2331 καλ
990 2268 1156 2350 μετατίθε-

106 2379 229 2437 Οσθαι
261 2370 336 2456 περὶ
369 2359 417 2435 ῶν
453 2365 566 2457 ὀρθῶς
601 2369 752 2459 πρόσθεν
783 2368 987 2455 έγνῶκεσαν.
1034 2366 1158 2437 οὔκουν
1169 2391 1187 2430 ιι

45 2504 47 2509 ’
142 2470 231 2549 ,οὐδὲ
257 2470 320 2561 τήν
348 2470 485 2542 εὔνοιαν
503 2472 715 2565 ἀμβλυτέραν
744 2481 831 2563 ἔχειν
849 2475 949 2559 είκός,
977 2479 1009 2542 εί
1035 2473 1079 2562 μή
1108 2472 1159 2542 καὶ

148 2582 274 2666 μᾶλλον
302 2575 435 2664 ἀγαπῶν
466 2581 522 2649 καὶ
550 2582 712 2670 στέργειν·
740 2583 851 2650 ἕπεται
884 2578 947 2668 γάρ
974 2577 1075 2669 ὕβρις
1102 2579 1160 2667 μὲν

148 2684 253 2776 κόρω,
291 2690 375 2774 ἔρως
412 2685 450 2754 θλ
486 2690 607 2776 ένθεία.
657 2689 713 2756 καὶ
749 2687 853 2776 ταότη
888 2691 1008 2755 τοίνυν
1046 2688 1160 2773 ἕξομεν

148 2793 295 2879 βέλτιον,
328 2793 573 2880 έπιτεινομένης
604 2789 685 2880 ήμλν
717 2795 775 2881 τής
800 2790 885 2881 πρὸς
917 2788 1082 2879 ἀλλήλους
1110 2787 1160 2859 εό-

235 3032 248 3080 1
273 3023 368 3092 πόρρω
385 3027 436 3082 καὶ
455 3028 525 3110 VM]
545 3025 653 3107 πόρρω
724 3033 740 3081 2
763 3024 925 3096 γευομένων
942 3027 981 3096 H]
1003 3025 1162 3095 λεγομένων

148 3095 273 3164 ’λφησλυ
291 3094 357 3164 VM]
377 3094 449 3164 φησὶ
476 3091 511 3163 Ιό
530 3089 717 3180 Σικελιῶτης]
737 3098 926 3176 Epicharmus
945 3098 1000 3148 vid.
1019 3098 1162 3161 Wyttenb.

149 3166 185 3215 ad
202 3165 274 3219 Plut.
293 3180 359 3216 mor.
377 3168 462 3218 336ss
495 3169 499 3228 Ι
532 3161 678 3232 χριόμενον
695 3163 735 3233 Μ]
755 3158 962 3241 χριόμενος
984 3166 1001 3215 8
1025 3164 1083 3216 τῶν
1102 3165 1163 3216 add.

148 3233 207 3282 VM
238 3227 485 3315 9ίπιθείξειρ
488 3239 523 3288 et
595 3236 626 3284 11
649 3233 728 3287 Iliad
746 3248 776 3294 ο,
794 3235 827 3284 80
859 3231 863 3295 Ι
896 3223 962 3284 θ’”
945 3248 1017 3283 οταν
1026 3225 1108 3316 άζξη
1127 3234 1166 3294 Μ,

148 3289 220 3350 δ”
202 3291 247 3352 στ’
270 3292 418 3368 ἀναίξητ
400 3249 502 3351 vpetV
589 3304 620 3351 13
642 3293 733 3372 Ἰονίμ
755 3301 779 3349 V
798 3305 855 3380 pet.
943 3303 974 3351 15
1001 3289 1070 3351 οὗθ’
1089 3250 1162 3365 VM]

149 3360 219 3420 οόθε
307 3371 339 3419 16
356 3353 584 3435 μεταβάλλουσιν
606 3365 670 3448 ΨΜ]
694 3366 905 3448 μεταβάλλουσι
991 3371 1023 3417 17
1041 3361 1165 3448 &mv
1192 3406 1196 3414 .

149 3437 182 3485 18
200 3431 429 3517 μεταβάλλουσιν
447 3434 515 3502 VM]
535 3434 745 3519 μεταβάλλουσι
814 3439 847 3486 20
869 3427 977 3486 οὔκουν
960 3431 1035 3551 ΜΜ]
1056 3425 1165 3488 οόκοῦν

149 3505 180 3550 21
201 3494 330 3568 εὔνοιαν]
351 3498 488 3554 διάνοιαν
505 3503 534 3552 Μ
602 3507 634 3554 22
654 3499 763 3568 επεται]
783 3495 990 3568 έπεγίνεταιΜ
