2436 3870
456 160 672 213 rauuurrlo.
1017 176 1068 224 vn

57 294 185 382 μαστόν
218 300 401 384 suspicatus
435 323 505 365 sum
534 324 592 384 pro
620 296 821 385 θαυμάσιον.
871 296 965 364 Nunc
994 321 1069 365 vero

57 426 169 470 vereor
191 428 231 469 ne
254 409 374 470 temere
397 406 459 471 hoc
483 407 622 472 fecerim.
658 407 698 471 Iu
716 405 863 471 formulis
883 406 968 468 eninr
988 407 1068 469 eius-

57 511 144 594 modi
175 513 260 596 apud
291 535 403 577 omnes
432 517 499 578 tam
527 514 639 578 multis
667 514 747 579 locis
777 517 872 597 atque
900 516 967 577 taur
996 533 1069 577 cou-

58 623 183 683 stanter
215 641 407 704 praegresso
438 616 638 703 θαυμαστόν
669 620 838 685 subiicitur
865 615 1070 704 θαυμάσιον,

57 728 95 789 ut
119 723 368 792 audacissimum
392 728 435 792 sit
456 727 536 793 haec
561 728 670 793 omnia
693 729 862 813 corrigere.

149 885 267 970 338,10
293 887 478 952 Aristotelis
501 888 600 972 locus,
624 889 728 973 qualis
753 888 882 972 quidem
906 909 925 951 a
944 886 1070 951 Iuliano

59 992 192 1056 affertur
234 986 266 1077 (ὁ
305 990 342 1057 δὲ
381 989 564 1080 ἄνθρωπον
600 989 744 1059 κελεύων
779 989 981 1080 προστίθησι
1016 991 1071 1067 καλ

57 1103 180 1186 θηρία·
212 1094 291 1182 ἥτε
312 1096 377 1185 γὰρ
401 1099 562 1185 ἐπιθυμία
584 1101 739 1166 τοιοῦτον
768 1103 825 1182 [sc.
847 1103 985 1187 θηρίον]
1016 1096 1071 1164 καὶ

58 1200 77 1270 ὁ
101 1198 424 1292 θνμὸςδιαστρέφει
447 1204 502 1271 καὶ
523 1203 602 1284 τοὺς
620 1203 776 1294 ἀρίστους
795 1202 946 1293 ἄνδρας),
970 1205 1071 1270 mani·

58 1313 144 1376 festo
168 1317 339 1397 corruptus
363 1316 421 1379 est.
459 1314 577 1380 Omnia
600 1336 675 1380 vero
698 1317 784 1379 recte
807 1313 992 1398 procedent,
1016 1313 1072 1377 ubi
1161 1301 1166 1312 ⁹

58 1411 97 1492 ὃς
120 1419 272 1484 adieceris
296 1422 372 1503 post
394 1416 513 1504 θυμός.

150 1578 264 1662 345,11
301 1575 364 1661 ἐγὼ
388 1575 452 1665 γὰρ
476 1573 578 1644 οὐδὲν
601 1579 730 1668 ἐμαυτῷ
754 1575 917 1654 συνειδώς
939 1573 1073 1662 ἀγαθὸν

59 1680 147 1769 πλὴν
169 1685 268 1752 τοῦτο
292 1682 415 1770 μόνον,
445 1681 496 1752 ὅτι
520 1683 603 1771 μηδὲ
627 1692 739 1771 οἴομαι
761 1683 801 1751 τὰ
825 1684 961 1770 μέγιστα
985 1686 1072 1769 ἔχειν

59 1792 158 1874 ἔχων
189 1816 231 1875 νε
262 1787 379 1875 οὐδέν,
417 1786 462 1869 ὡς
494 1787 574 1880 ὁρᾷς
606 1787 719 1879 αὐτός,
756 1788 889 1868 εἰκότως
920 1791 988 1874 βοῶ
1017 1788 1072 1856 καὶ

59 1893 268 1983 μαρτύρομαι
300 1895 345 1983 μὴ
378 1895 503 1983 μεγάλοι
532 1895 610 1983 παρ’
640 1895 735 1984 ἡμῶν
762 1894 922 1964 ἀπαιτεῖν.
968 1897 1072 1981 Asyn-

60 2002 170 2087 deton,
199 2005 285 2088 quod
312 2004 390 2069 ferri
418 2027 485 2069 non
507 2008 628 2088 potest,
657 2006 789 2071 tolletur
812 2007 911 2089 ἔχων
933 2027 972 2068 τε
996 2003 1073 2068 scri-

60 2108 167 2172 bendo
190 2131 249 2192 pro
273 2111 357 2200 ἔχων
379 2133 429 2195 γε,
452 2110 515 2174 nisi
538 2112 633 2176 malis
658 2107 792 2188 εἰκότως
813 2132 848 2174 τε
870 2110 950 2193 βοῶ.

150 2268 246 2352 354,5
279 2265 433 2353 ἐβάδιζον
461 2267 498 2334 δὲ
527 2265 587 2354 οὐχ
616 2265 724 2354 ὥσπερ
753 2269 875 2336 ἐκεῖνον
897 2265 1073 2355 περιβλέ-

59 2395 200 2452 ποντες
222 2374 286 2440 καὶ
310 2376 539 2459 σοβοῦντες,
563 2371 633 2442 ἀλλ’
660 2379 707 2454 εἰς
730 2378 794 2462 γῆν
817 2374 956 2460 βλέπων.
1001 2375 1073 2440 Ηοο

60 2484 222 2568 quomodo
258 2484 403 2548 excusari
434 2486 553 2568 possit,
584 2507 650 2549 non
682 2484 788 2569 vidae,
820 2507 924 2570 neque
952 2483 1073 2566 dubito,

60 2590 140 2673 quin
163 2591 219 2654 aut
243 2589 278 2653 ολ
298 2593 374 2673 post
396 2588 517 2657 ἐκεῖνον
541 2590 730 2674 addendum,
754 2593 819 2675 aut,
843 2590 928 2674 quod
952 2589 1073 2672 malim,

60 2692 267 2779 περιβλέπων
289 2692 345 2759 καὶ
369 2698 482 2780 σοβῶν
506 2696 709 2762 scribendum
734 2697 785 2762 sit.

149 2854 265 2937 412,21
303 2853 359 2920 καλ
395 2856 493 2921 τοῦτο
526 2845 570 2941 ἦν
603 2861 681 2931 ἴσως
712 2849 750 2918 τὸ
783 2856 884 2940 ἔργον
916 2839 973 2917 ον’
989 2857 1073 2915 θαν-

59 2954 202 3045 μαστόν·
238 2962 347 3025 καίτοι
378 2959 441 3047 τὴν
473 2958 600 3047 τόλμαν
631 2958 686 3026 κοιλ
713 2956 839 3042 ταύτην
866 2955 961 3037 ἄξιον
988 2964 1073 3022 θαν-

59 3063 171 3150 μάσαι.
208 3066 270 3130 Pro
291 3062 343 3149 οὐ,
362 3069 448 3153 quod
467 3071 541 3133 ante
559 3063 758 3151 θαυμαστόν
776 3066 905 3149 inserui,
926 3068 1072 3151 poteram

59 3175 159 3238 etiam
186 3160 287 3256 ἦττον
317 3174 447 3258 addere,
479 3174 747 3258 quemadmodum
775 3171 968 3238 Plutarchus
998 3175 1073 3238 scri-

58 3281 125 3363 psit
152 3279 201 3343 De
231 3280 338 3344 solert.
366 3281 507 3344 animai·
524 3303 548 3346 c.
571 3281 631 3345 21:
668 3269 769 3362 ἦττον
797 3276 834 3344 δὲ
860 3279 962 3344 ταῦτα
989 3285 1073 3343 θον·
1118 3304 1120 3309 ·

59 3382 183 3470 μαστοὶ,
220 3380 336 3468 καίπερ
374 3381 455 3450 ὄντα
491 3383 674 3470 θαυμάσια.
725 3376 788 3451 sed
823 3379 864 3452 οὐ
896 3386 1023 3451 facilius
1055 3407 1074 3448 a

58 3492 194 3557 librario
219 3492 326 3557 omitti
349 3495 478 3576 poterat
502 3516 599 3578 quam
622 3481 731 3577 ἦττον.
