2446 3870
473 140 610 192 οιιιιιο
628 142 691 192 vn.
1018 141 1079 204 271

65 261 158 354 ὑπὲρ·
177 265 300 335 τούτου
320 287 373 335 σοι
393 266 608 353 διηγήσομαι·
636 269 703 335 νῦν
730 266 768 334 δὲ
787 268 895 336 ἐκεῖνό
911 255 979 357 ’μοι
997 269 1081 358 πρὸς

64 374 134 440 τῶν
161 376 316 441 Μουσῶν
348 373 481 460 φράσον
514 369 598 461 ὑπὲρ
626 376 687 441 τοῦ
714 377 908 460 Κυνισμοῦ,
937 374 1081 463 πότερον

65 475 209 547 ἀπόνοιά
246 485 295 558 τίς
329 480 397 547 ε’στι
435 481 490 547 καί
522 485 597 565 βιός
629 477 691 548 οὐκ
728 477 959 567 ἀνθρώπινος,
998 478 1081 549 ἀλλά

65 584 238 673 θηριώδης
264 588 373 672 ψυχῆς
400 585 553 665 διάθεσις
580 582 683 654 οὐδὲν
706 586 820 671 καλόν,
849 582 951 654 οὐδέν
979 607 1080 655 σπου·

38 694 165 762 ιδαῖον
198 688 279 760 οὐδὲ
311 689 444 776 ἀγαθὸν
475 691 687 779 νομιζούσης;
721 697 797 779 δοίη
830 690 894 781 γάρ
928 688 970 760 ἀν
997 689 1121 768 ὑπο-Β

66 804 182 884 λαβεῖν
213 806 348 877 πολλοῖς
379 798 454 884 περὶ
488 794 594 867 αὐτοῦ
625 801 731 865 ταῦτα
766 783 953 885 Οἰνόμαος(
989 808 1022 867 εί
1049 804 1085 867 τί

36 909 120 972 ’σοι
148 906 210 972 τοῦ
237 906 342 971 ταῦτα
369 906 455 988 γοῦν
483 906 637 973 ἐπελθεῖν
664 906 837 992 ἐμέλησεν,
866 907 1011 990 ἐπέγνως
1038 901 1081 972 ἀν

66 1012 184 1096 σαφῶς
216 1012 254 1077 έν
286 1013 325 1097 τῇ
362 1012 424 1078 τοῦ
456 1003 567 1090 κυνὸς
595 1008 792 1100 αάτοφωνίηι
828 1012 884 1078 καὶ
920 1014 965 1101 τῷ
999 1010 1081 1079 κατά

67 1119 134 1184 τῶν
171 1122 383 1205 χρηστηρίων
414 1116 470 1184 καὶ
507 1119 609 1184 πᾶσιν
645 1112 756 1196 ἁπλοῖς
794 1111 844 1197 οἷς
881 1123 1025 1204 ἔγραψεν
1062 1114 1080 1186 ὁ

25 1253 52 1292 10
67 1217 163 1310 ἀνήρ.
199 1222 356 1291 τοιούτου
375 1221 413 1290 δὲ
432 1219 528 1303 ὄντος
546 1226 607 1291 τοῦ
626 1207 826 1310 πράγματος,
854 1219 1081 1313 ὥστεάνηρῇ-

67 1338 149 1397 σθαι
182 1327 245 1416 μέν
277 1324 411 1396 ἅπασαν
443 1327 505 1415 την
537 1327 620 1417 πρὸς
646 1326 726 1409 τοὺς
756 1328 862 1409 θεοὺς
893 1327 1081 1417 εὐλάβειαν,

66 1430 251 1521 ητιμάσθαι
284 1433 321 1502 δέ
352 1437 466 1502 πάσαν
498 1432 721 1524 ἀνθρωπίνην
754 1435 937 1524 φρόνησιν,
974 1436 1081 1524 νόμον

67 1540 105 1608 δέ
141 1539 186 1628 μὴ
218 1539 279 1610 τὸν
312 1536 494 1628 ὁμώνυμον
529 1544 575 1631 τῷ
608 1546 697 1632 καλῷ
730 1544 785 1610 καὶ
823 1547 941 1633 δικαίη)
977 1568 1080 1610 πεπα-

66 1650 192 1732 τῆσθαι
228 1647 350 1734 μόνον,
387 1643 470 1715 ἀλλά
502 1649 556 1716 καὶ
589 1645 669 1727 τοὺς
701 1649 736 1715 έκ
768 1650 836 1715 τῶν
871 1650 964 1716 θεῶν
1000 1643 1119 1735 ἡμῖνῦ

23 1785 49 1824 15
67 1749 179 1840 ω’σπερ
215 1754 442 1840 ἐγγραφέντας
482 1768 553 1835 ταῖς
594 1767 730 1840 ψυχαῖς,
771 1748 833 1839 ὑφ’
873 1745 922 1821 οἷν
962 1753 1082 1833 πάντες

20 1901 22 1904 -
68 1855 254 1939 ἀδιδάκτως
282 1857 370 1927 εἶναι
387 1860 487 1928 θεῖόν
514 1886 545 1927 τι
572 1866 777 1946 πεπείσμεθα
796 1861 851 1926 καί
879 1857 962 1947 πρὸς
981 1863 1080 1927 τοῦτο

67 1961 202 2052 ἀφορᾶν
233 1961 284 2032 ἐπ’
314 1962 397 2034 αὐτό
429 1992 464 2034 τε
497 1963 590 2053 οἶμαι
622 1965 779 2034 σπεύδειν
811 1962 899 2032 οὕτω
933 1968 1080 2032 διατιθέ-

66 2096 162 2157 μενοι
193 2068 251 2150 τάς
288 2069 396 2159 ψυχάς
428 2070 511 2160 πρὸς
544 2069 626 2140 αὐτὸ
661 2069 770 2159 ὥσπερ
804 2069 896 2158 οἶμαι
928 2067 1010 2158 πρὸς
1042 2068 1079 2138 τὸ

69 2179 141 2262 φῶς
167 2174 208 2244 τά
235 2179 410 2264 βλέποντα,
438 2175 521 2266 πρὸς
547 2177 654 2268 τούτῳ
684 2175 721 2246 δὲ
749 2182 780 2245 εί
805 2172 898 2245 καὶὸ
927 2175 1082 2266 δεύτερος

26 2313 52 2352 ιο
65 2282 277 2364 ἐξελαύνοιτο
305 2282 408 2370 νόμος
436 2281 524 2372 ίερός
551 2279 600 2352 ὢν
627 2284 728 2371 φύσει
756 2285 812 2352 καὶ
838 2294 942 2368 θεῖος,
971 2278 1081 2351 ὁτῶν

66 2386 253 2477 ἀλλοτρίων
280 2389 388 2477 πάντη
415 2392 471 2458 καὶ
499 2391 631 2471 πάντως
650 2387 833 2477 ἀπέχεσθαι
861 2388 1007 2458 κελεύων
1025 2391 1110 2458 καὶ,

65 2494 146 2582 μήτε
179 2497 216 2562 έν
248 2494 336 2586 λόγῳ
368 2494 448 2618 μήτε
480 2499 524 2563 ε’ν.
555 2503 641 2587 ἔργῳ
673 2496 754 2584 μήτε
790 2499 827 2566 ἐν
864 2492 980 2576 αὐταῖς
1010 2511 1082 2575 ταῖς
1187 2552 1189 2555 .

65 2600 320 2682 λανθανοάσαις
347 2629 404 2690 της
432 2605 540 2689 υνχης
567 2605 749 2691 ἐνεργείαις
766 2605 870 2672 ταῦτα
899 2603 1123 2687 ἐπιτρέπωνΙ)

65 2722 220 2794 συγχεῖν,
249 2704 353 2796 οσπερ
381 2703 462 2796 ημῖν
489 2709 545 2776 καλ
572 2711 631 2796 τῆς
656 2709 861 2795 τελειοτάτης
888 2705 1024 2777 ἐστὶν
1006 2735 1080 2795 ηγε-
1180 2797 1183 2803 ·

26 2842 49 2883 π
37 2840 140 2900 μων
168 2813 402 2902 δικαιοσύνης·
430 2810 485 2902 ἀρ’
516 2811 578 2912 οὐκ
605 2820 673 2884 ἔστι
692 2812 921 2939 βαράθρου
889 2843 926 2882 το
945 2817 1080 2939 πρᾶγμα

64 2911 230 3001 άξιον;
211 2916 264 3047 αρ’
295 2917 337 2989 οὐ
364 2918 444 3001 τοὺς
475 2923 579 2989 ταῦτα
607 2924 831 3002 ἐπαινοῦντας
862 2917 971 3006 ὥσπερ
1002 2916 1081 2998 τοὺς

64 3024 264 3114 φαρμακοὺς
282 3028 382 3114 ἐγρην
406 3023 447 3094 οὐ
465 3025 633 3108 θύσθλοις
651 3028 920 3113 πολεμουμένους
946 3024 1080 3092 ἐλαύνε-

152 3234 231 3281 1σοι
249 3223 427 3310 διηγήσομαι
447 3228 555 3299 spauh]
581 3269 691 3286 .....
715 3229 765 3287 κοιλ
786 3237 856 3295 pet„
876 3232 903 3279 in
922 3230 946 3278 V
965 3234 1008 3279 est
1025 3245 1079 3279 ma

66 3298 129 3349 cula
216 3297 398 3384 2κυνιομου
417 3302 474 3353 Pet
494 3298 599 3382 spanh]
623 3315 728 3350 κννι.
763 3299 832 3362 .,V
859 3295 998 3348 κυνίσκου
1024 3303 1080 3376 μοι.

65 3357 189 3418 4οὖδδν
206 3366 251 3416 bis
264 3364 308 3445 H]
323 3361 422 3419 -οάθεν
490 3360 661 3433 ῖέμέλησεν
680 3363 717 3448 V]
737 3335 936 3458 έμέλησεΙέπ
915 3353 1080 3431 πὲγνωςάν

65 3427 178 3499 Rem]
180 3428 308 3502 πιγνάση
378 3437 410 3485 17
428 3437 525 3499 „.F0rt
539 3432 789 3499 &zatsa‘tsmsvoa‘
809 3433 876 3484 Rsk.
946 3436 979 3484 27
997 3435 1080 3484 πολε-

66 3497 239 3567 γινομένους]
257 3474 435 3567 παιομένους
452 3503 556 3554 Cob.
