2416 3864
32 197 34 201 .
140 156 203 221 362
443 156 587 208 IULIANI
608 156 854 209 IMPERATORIS

140 286 196 354 καὶ
228 290 359 366 κτείνας
390 280 480 371 ἤμην
512 283 815 371 ἐπιβουλεύσαντας
847 289 959 371 ἔμοιγε
991 289 1149 374 φανερῶς,

141 392 242 480 ἐχρῆν
272 389 336 479 τὴν
366 386 451 479 ὑπὲρ
482 391 551 458 τῶν
582 389 765 459 παθόντων
797 386 905 517 ὀργῆν
933 385 1073 477 ἆφεϊναι
1099 392 1150 519 της

141 493 348 585 όμονοίας“
328 524 433 572 ενεκα.
469 495 610 577 τούτους
638 495 675 565 δέ
698 492 851 565 ούδέν”
829 523 927 585 αχαρι
956 492 1133 578 διαθεὶς
1111 523 1151 577 ως

99 603 343 732 Βταραχῶδεις
370 602 472 690 φύσει
498 603 554 671 καὶ
582 599 826 730 πρλεμοποιούς
851 598 1024 691 κατέσχον,
1051 566 1207 673 πολλὰ

140 709 232 779 πάνυ
260 711 422 778 δαπανῶν
449 704 640 790 είςαύτοὺς
667 709 704 776 έκ
725 710 794 776 τῶν
822 712 1007 795 δημοσίων,
1036 705 1172 797 όιφελόι

141 841 241 903 μενος
268 813 371 885 οὐδέν
397 818 466 884 τῶν
492 810 713 902 ὑπαρχόντων
745 816 894 894 ἐκείνοις.
940 809 1056 903 ὁρᾶτε,
1088 817 1152 895 πῶς
1189 889 1192 894 ,

141 923 303 1003 ἐπεξιέναι
335 922 466 1003 τούτοις
497 917 515 990 ό
544 920 778 1001 Κωνστύντιος
809 930 996 1007 νομοθετεῖ.
1044 916 1063 989 ὁ
1094 918 1151 1008 γὰρ

141 1034 351 1114 χαλεπαίνων
383 1023 468 1117 ὑπὲρ
499 1029 568 1095 τῶν
598 1025 838 1114 προσηκόντων
870 1024 977 1114 μηδὲν
1009 1017 1066 1115 ἆρ’
1097 1023 1152 1095 ούκ

142 1130 295 1217 ὀνειδίζει
322 1135 451 1221 μοικαὶ
470 1135 628 1222 κατεγελᾷ
655 1134 714 1220 της
731 1138 867 1220 μωρίας,
895 1129 946 1200 ὅτι
970 1130 1034 1200 τὸν
1053 1134 1153 1219 φονέα

142 1238 280 1328 πατρός,
313 1235 485 1336 ἀδελφῶν,
519 1235 685 1324 ἀνεψιῶν,
717 1234 846 1325 ἁπάσης
873 1232 919 1319 ῶς
946 1243 1026 1318 ἔπος
1054 1240 1152 1307 εἰπεῖν
1164 1257 1183 1296 1⁰

142 1346 200 1440 τῆς
226 1347 342 1431 κοινῆς
373 1340 469 1432 ἡμῶν
496 1345 606 1423 ἑστίας
637 1345 694 1412 καὶ
721 1349 918 1431 συγγενείας
944 1341 1007 1413 τὸν
1035 1344 1153 1432 δήμιον

98 1466 125 1522 v
143 1454 191 1529 είς
221 1451 320 1518 τοῦτο
353 1449 578 1538 ἐθεράπευσα;
612 1464 764 1519 σκοπεῖτε
795 1449 833 1518 δέ
861 1447 952 1530 ὅπως
978 1451 1036 1518 καὶ
1064 1449 1151 1536 γενό-

143 1581 242 1642 μενος
279 1552 493 1647 αὐτοκράτωρ
530 1560 578 1624 ἔτι
613 1558 861 1644 θεραπευτικῶς
902 1552 994 1647 αύτῷ
1032 1574 1152 1645 προση-

142 1662 270 1751 νέχθην
297 1664 330 1744 ἐξ
358 1654 406 1731 ῶν
434 1664 610 1732 ἐπέστειλα.

154 1820 157 1825 -
222 1770 289 1837 Καὶ
316 1767 357 1838 τὰ
384 1767 448 1859 πρὸ
475 1768 598 1838 τούτου
631 1765 668 1836 δὲ
696 1762 812 1848 ὁποῖός
843 1793 893 1848 τις
925 1768 1051 1853 γέγονα
1083 1768 1152 1855 περὶ
1164 1786 1183 1826 1⁵

144 1869 248 1943 αὐτὸν
276 1878 436 1945 ἐντεῦθεν
464 1884 604 1944 εἴσεσθε.
641 1873 854 1961 αἰσθόμενος,
882 1870 1026 1942 ὅτιτῶν
1055 1870 1153 1962 ἆμαρ-

142 1983 337 2068 τανομένωυ
365 1980 604 2071 κληρονομήσω
631 1978 693 2067 μέν
721 1975 823 2060 αὐτὸς
845 1976 907 2066 τὴν
935 1976 1077 2060 ἀδοξίαν
1103 1980 1154 2049 καὶ

143 2084 204 2154 τὸν
230 2092 404 2175 κίνδυνον,
431 2085 709 2176 έξεργασθήσεται
736 2084 773 2154 δὲ
797 2086 920 2174 ἑτέροις
943 2082 985 2154 τὰ
1011 2094 1155 2171 πλεῖστα,

94 2209 126 2263 'D
144 2195 279 2281 πρῶτον
305 2194 366 2280 μὲν
394 2195 559 2279 ἱκέτευον,
587 2198 619 2261 εί
643 2195 748 2275 ταῦτα
774 2191 933 2281 πράττειν
960 2187 1053 2285 αύτῷ
1081 2197 1156 2279 φαί-

145 2324 239 2366 νοιτο
266 2299 322 2366 καὶ
350 2299 483 2380 πάντως
515 2297 570 2387 ἐμὲ
597 2297 863 2387 προσαγορεύειν
888 2303 1034 2386 καίσαρα
1063 2303 1155 2368 δεδο-
1168 2319 1188 2358 2⁰

144 2402 269 2488 γμένον
296 2413 358 2491 εἰη,
386 2403 513 2492 ἄνδρας
540 2401 693 2492 ἀγαθοὺς
720 2405 776 2472 καὶ
800 2409 1010 2485 σπουδαίους
1037 2408 1161 2474 δοῦναί

144 2533 201 2594 μοι
228 2506 307 2589 τοὺς
333 2505 601 2638 ύπουργούντας·
635 2506 653 2579 ό
682 2509 720 2578 δὲ
751 2509 916 2599 πρότερον
950 2514 1055 2580 έδωκε
1082 2510 1159 2592 τοὺς

138 2611 452 2703 ’μοχθηροτατους
429 2643 473 2697 ως
506 2612 590 2685 δέ’
575 2645 593 2685 ο
621 2615 683 2704 μέν
715 2610 810 2697 εἷς
795 2644 813 2685 ο
848 2614 1079 2706 πονηρότατος
1105 2619 1158 2687 καὶ

145 2719 231 2808 μαλα
268 2717 419 2810 ἀσμένως
454 2718 662 2810 ύπίκουσεν,
700 2719 832 2811 (οὐδεὶς
869 2721 906 2790 δὲ
938 2718 1055 2812 ηξίον)
1094 2727 1159 2792 τῶν

146 2824 267 2915 αλλων,
294 2825 403 2919 ανδρα
431 2826 628 2898 δίδωσιν”
605 2855 698 2897 ακων
725 2829 799 2916 ἐμοὶ
826 2829 882 2897 καὶ
909 2828 997 2916 μάλα
1025 2826 1190 2916 ἆγαθὸνὶΰ

144 2933 367 3022 Σαλούστιον,
395 2931 432 3016 ὃς
451 2932 508 3004 διὰ
525 2934 588 3023 τὴν
615 2931 738 3024 ἀρετὴν
756 2931 884 3015 εὐθέως
902 2931 992 3002 αύτῶ
1021 2938 1160 3023 γέγονεν

215 3121 229 3168 1
227 3109 336 3238 ἤμην]
355 3108 520 3186 η’λεγχόμην
538 3119 604 3170 Rsk.
631 3117 641 3198 ι
664 3112 924 3237 ἐπιβουλεύσαντας
942 3121 967 3170 V
1036 3121 1053 3169 6
1072 3109 1160 3172 οόδὲν

145 3175 303 3250 mmmm
340 3187 433 3238 Malim
454 3179 588 3239 etiamd’
605 3179 697 3237 ονδέν
765 3184 859 3264 Βμδ
875 3201 891 3234 ν
909 3183 948 3251 Η]
966 3181 1067 3270 μηδέγ
1130 3188 1160 3237 19

144 3251 283 3315 φαίνοιτο
301 3255 448 3306 delendum
460 3271 523 3307 esse
541 3269 640 3305 censeo
709 3256 743 3303 24
759 3181 912 3334 ἇσμένῶς]
922 3247 1060 3304 Malim*
1037 3269 1161 3336 οισμενος

144 3322 181 3370 24
199 3325 227 3372 et
245 3323 278 3372 25
301 3313 449 3402 ούδεὶς-
467 3314 562 3374 ἄλλων
586 3337 638 3375 om.
658 3322 772 3386 spanh„
797 3316 870 3372 εί...
893 3312 1009 3385 ῶξίον..
1032 3320 1091 3373 τῶν
1112 3313 1160 3372 ἄλ·

148 3389 204 3438 λων
222 3395 293 3453 ρετ,
317 3390 347 3439 in
365 3393 388 3441 V
406 3391 505 3441 charta
516 3405 637 3473 perrona
655 3389 725 3438 satis
745 3393 821 3439 certa
838 3389 958 3468 vestigia
976 3393 1041 3440 sunt
1060 3405 1159 3450 eorum,

145 3470 217 3520 quae
240 3455 361 3506 Cobetus
384 3458 467 3523 legit,
491 3450 589 3516 οὐδεὶς
612 3451 646 3508 δὲ
665 3447 766 3522 ἠξίου,
789 3456 873 3506 verba
896 3454 952 3508 τῶν
975 3445 1071 3509 ἄλλων
1091 3472 1161 3508 eom·

146 3521 227 3571 mode
244 3521 300 3585 legi
317 3531 433 3588 possunt
