2416 3864
138 149 202 213 290
441 152 584 204 IULIANI
604 146 852 204 IMPERATORIS

139 299 202 346 σου
229 280 287 365 τῆς
314 280 431 366 φωνῆς
458 280 584 366 μάλλον
603 278 781 368 δυναμένφ
805 276 996 365 πλησιάζειν
1024 284 1159 367 ἔμελλες

84 381 324 477 εετάνθρώπφ.
373 390 409 452 τί
433 383 470 453 δέ
502 378 558 453 καὶ
589 382 627 453 τὸ
660 387 858 473 περιφοιτάν
890 388 1062 472 πανταχοῦ
1100 389 1156 455 καὶ

137 491 293 580 παρέχειν
324 490 499 619 πράγματα
530 503 603 572 ταῖς
633 484 801 577 ἡμιόνοιςς
833 487 947 560 άκούω
980 490 1018 559 δὲ
1050 496 1156 620 ἐγσγε

132 598 193 665 καὶ
220 611 290 678 τοϊς
319 594 379 677 τάς
410 592 573 724 ἡμιόνους
601 596 818 684 ἐλαύνουσιν,
851 602 887 665 οδ
911 598 1039 724 μαλλον
1067 593 1155 685 ὑμᾶς

136 698 157 790 ἢ
189 702 275 783 τοὺς
301 700 502 791 στρατιώτας
532 707 726 791 πεφρίκασι·
758 705 904 792 χρῆσθαι
933 700 1000 790 γάρ
1039 700 1178 785 αύτοσςε

137 805 250 878 ἀκούοι
267 805 362 889 τινάς
379 804 475 897 ὑμῶν
493 803 759 898 χαλεπώτερον”
739 836 760 895 η
778 822 849 890 τοῖς
873 807 1010 896 ξίφεσιν
1023 804 1154 879 ἐκεῖνοι.

137 921 297 1002 γίγνεσθε
333 905 397 984 οὖν
438 911 554 995 αὐτοῖς
590 914 725 994 είκότοτς
766 914 1002 1003 φοβερώτεροι.
1044 915 1155 984 πάλαι

137 1021 198 1108 μὲν
225 1012 289 1091 οὖν
316 1017 399 1109 ὑμῖν
427 1023 553 1108 ἐθέμην
579 1018 644 1108 ἐγώ
671 1022 771 1089 τοῦτο
796 1019 833 1089 τὸ
863 1018 980 1107 ὄνομα,
1008 1022 1090 1089 νυνὶ
1118 1021 1155 1089 δὲ

96 1125 219 1197 Βαύτὸ
247 1133 339 1197 ἐοικα
366 1129 422 1195 καὶ
450 1125 599 1215 γράψειν.
645 1123 884 1207 άποτακτιστάς
910 1148 1004 1206 τινας
1031 1124 1153 1214 ὀνομά-

138 1241 251 1316 ζουσιν
288 1236 324 1301 οί
357 1234 532 1318 δυσσεβεῖς
564 1235 749 1300 Γαλιλαῖοι·
786 1231 916 1301 τούτων
953 1235 988 1300 οἱ
1017 1238 1154 1314 πλείους
1166 1265 1187 1304 10

136 1336 236 1426 μικρά
262 1339 442 1426 προέμενοι
473 1334 590 1406 πολλάΙ
610 1336 715 1423 πάνυ,
748 1340 875 1424 μᾶλλον
908 1337 945 1406 δέ
973 1336 1013 1406 τά
1045 1339 1154 1408 πάντα

136 1443 350 1530 πανταχόθεν
377 1445 621 1531 ξυγκομίζουσι,
649 1443 705 1511 καὶ
724 1446 855 1532 προσῆν
880 1441 973 1531 οἶμαι
991 1441 1029 1513 τὸ
1057 1470 1151 1533 τιμα-

136 1559 219 1618 σθαι
251 1551 307 1618 καὶ
340 1555 609 1640 δορυφορεῖσθαι
647 1551 703 1618 καὶ
734 1548 995 1638 θεραπεύεσθαι.
1041 1554 1152 1620 τοιού-

134 1655 195 1724 τόν
222 1683 253 1725 τι
280 1657 336 1725 καὶ
363 1655 400 1725 τὸ
429 1651 591 1745 ὑμέτερον
623 1661 724 1744 ἔργον
752 1657 835 1741 ἐστί,
867 1654 955 1743 πλὴν
983 1664 1064 1736 ἴσως
1091 1660 1151 1725 τού

134 1767 401 1851 χρηματίζεσθαι.
454 1765 552 1845 τούτο
590 1761 628 1830 δὲ
669 1758 711 1830 ού
746 1758 825 1849 παρ’
864 1757 951 1849 ὑμᾶς
991 1767 1150 1847 γίγνεται,
1163 1790 1183 1832 ιε

135 1864 214 1957 παρ’
244 1864 330 1956 ἡμᾶς
358 1868 408 1937 δὲ·
437 1867 656 1956 συνετώτεροι
683 1866 747 1954 γάρ
775 1869 875 1954 ἐσμεν
901 1870 970 1935 τών
997 1864 1150 1956 ἀνοήτων

137 1977 287 2043 ἐκείνων·
316 1985 396 2056 ἴσως
424 1974 461 2044 δέ
488 1975 544 2044 καὶ
571 1972 629 2042 διά
656 1971 693 2042 τὸ
721 1972 826 2060 μηδὲν
852 1968 934 2060 ὑμῖν
961 1970 1049 2042 εἶναι
1072 1974 1151 2064 πρό-

97 2096 247 2169 Οσχημα
274 2084 335 2150 τού
363 2089 566 2168 φορολογεῖν
593 2077 828 2177 εὐπροσώποις,
856 2074 975 2148 ὁποῖον
1002 2082 1155 2167 ἐκείνοις,

135 2182 179 2274 ἣν
206 2189 365 2272 λέγουσιν
384 2184 446 2255 ούκ
474 2180 539 2255 οἷδ’
571 2183 659 2267 ὅπως
682 2183 920 2273 ἐλεημοσύνην,
947 2183 988 2252 τὰ
1007 2183 1038 2253 δ’
1070 2184 1151 2256 ἄλλα

137 2319 174 2376 γε
201 2291 309 2360 πάντα
328 2293 419 2360 ἐστὶν
435 2287 519 2378 ὑμῖν
546 2318 580 2360 τε
599 2289 766 2372 κάκείνοις
791 2290 1014 2380 παραπλήσια.
1051 2320 1150 2361 κατα·
1163 2322 1187 2363 τε

135 2404 306 2465 λελοίπατε
337 2396 399 2485 τὴν
436 2401 579 2485 πατρίδα
617 2394 727 2486 ὥσπερ
766 2399 903 2483 ἐκείνοι,
938 2401 1151 2486 περιφοιτᾶτε

136 2501 244 2590 πάντη
271 2503 327 2570 καὶ
355 2501 393 2571 τὸ
422 2503 649 2590 στρατόπεδον
680 2503 883 2591 διωχλήσατε
915 2505 1041 2590 μάλλον
1070 2507 1150 2573 ἐκεί-

135 2635 206 2676 νων
234 2596 305 2677 καδ
317 2608 534 2698 ἰταμώτερον·
572 2613 607 2677 oc
632 2608 693 2695 μὲν
720 2607 783 2697 γάρ
810 2609 1025 2697 καλούμενοι,
1058 2606 1152 2699 ὑμεῖς

136 2713 173 2782 δὲ
205 2715 261 2783 καὶ
294 2711 566 2803 άπελαυνόμενοι.
612 2717 667 2783 καὶ
699 2721 735 2783 τί
767 2711 913 2804 χρηστόν
943 2717 986 2783 ἐκ
1022 2717 1150 2786 τούτων

90 2838 116 2892 Ι)
135 2816 217 2907 ύμῖν
245 2822 387 2908 ἐγένετο,
415 2825 541 2909 μάλλον
561 2820 598 2889 δὲ
616 2823 673 2890 καὶ
699 2816 780 2909 ἡμῖν
797 2835 868 2902 τοῖς
895 2819 1021 2905 άλλοις;
1050 2820 1149 2911 άνηλ-
1162 2851 1183 2893 τε

201 3037 407 3096 4ἐλαύνουσιν
426 3043 462 3109 V]
483 3036 636 3097 ἐλαύνουσι
704 3048 720 3096 5
739 3036 848 3110 αύτοίς]
867 3044 1061 3124 Oppositionis
1080 3047 1149 3097 ratio

134 3113 251 3191 εεφαίεἰλ
279 3117 341 3171 τοῖς
369 3107 465 3191 ξύλοις
487 3112 533 3162 vel
553 3112 642 3164 simiIe
662 3114 820 3194 quidpiam
875 3117 906 3163 9
930 3105 1055 3179 γράφειν
1073 3112 1147 3178 Pet]

133 3173 265 3243 γράφειν.
302 3177 389 3246 (Nam
411 3171 534 3246 γράφειν
557 3181 594 3230 ad
616 3196 701 3247 marg.
725 3185 778 3246 pet.
798 3181 857 3230 sine
878 3180 963 3231 dubio
987 3186 1030 3232 est
1052 3196 1149 3250 opera·

133 3261 192 3296 rum
217 3262 290 3329 errqr
311 3263 360 3312 pro
384 3244 529 3328 γράφειν.)
563 3248 696 3298 Futurum
710 3264 804 3328 supra
831 3263 937 3314 quoque
961 3250 1044 3299 1740
1068 3252 1148 3301 resti

133 3319 222 3363 tutum
239 3307 276 3379 1'
259 3330 471 3393 αποταιιτιστας
488 3316 549 3365 Pet·
567 3306 717 3397 spanh.]’
699 3328 859 3366 αποτακτ..
871 3318 933 3378 .V‚
952 3307 1149 3378 άποτακτίσας

132 3387 184 3444 pet
217 3381 221 3443 1
254 3373 445 3446 ὀνομάζουσιν
464 3381 497 3462 V]
516 3376 692 3465 ὀνομάζουσι
779 3386 811 3433 12
829 3381 938 3465 προσῆν
962 3378 1054 3502 οἶμαι]
1074 3388 1148 3436 Fert.

128 3447 431 3583 ἷίίλλῗνλῗειίθ
451 3444 949 3585 VIIII5¹06?szquss²⁰¹
966 3450 1001 3518 v]
1021 3447 1053 3503 ‘³
1073 3447 1148 3504 ‘¹²²⁰‘
