2446 3870
142 157 204 221 194
442 158 585 209 mmm
605 134 856 208 ιιινυιεευοιειε

141 314 217 355 νοια
263 285 456 375 σόνθρονος
494 282 676 354 Ἀπόλλωνι
717 287 763 376 τῷ
805 284 1009 375 νομιζομένῳ
1050 283 1159 372 μηδὲν

138 389 254 461 Ἡλίου
283 393 465 481 διαφέρειν.
502 389 547 479 μή
565 416 645 459 ποτε
664 382 728 458 οὖν
755 391 810 458 καὶ
829 396 907 480 θείμ
935 396 1037 480 μοίρᾳ
1054 393 1157 460 τοῦτο

134 495 292 588 Ὅμηρος·
322 489 366 584 ήν
384 495 459 587 γάρ,
479 493 524 578 οὓς
542 497 639 583 εἰκός,
656 496 855 584 θεόληπτος·
885 493 1157 584 άπεμαντεόσατο

141 606 310 692 πολλαχοῦ
337 607 395 692 τής
420 603 596 692 ποιήσεως·

226 752 367 833 Τιοίμην
396 741 428 813 δ’
459 740 504 826 ὡς
530 741 608 814 τίετ’
636 742 798 832 Ἀθηναίη
827 745 883 812 καί
908 740 1086 830 Ἀπόλλων,
1172 773 1185 812 5

142 884 208 956 ὑπὸ
243 884 327 967 Διὸς
364 887 554 975 δήπουθεν,
592 884 694 975 ὅσπερ
731 886 822 954 ἐστίν
855 880 872 954 ὁ
910 881 1013 966 αὐτὸς
1041 881 1157 976 Ἡλίω;

143 993 295 1081 καθάπερ
324 990 388 1082 (δ’)
422 989 462 1072 ὁ,
474 991 631 1080 βασιλεὺς
660 989 828 1061 Ἀπόλλων
861 993 1075 1060 ἐπικοινωνεῖ
1099 989 1156 1060 διά

142 1103 202 1187 τής
229 1095 412 1185 ἁπλότητος
438 1102 506 1168 τῶν
533 1099 685 1188 νοήσειεν
709 1094 821 1189 Ἡλίω,
849 1095 937 1167 οὕτω
957 1097 994 1166 δέ
1021 1100 1077 1166 καὶ
1095 1096 1158 1187 τήν

99 1202 289 1293 ΒἉθηνάν
321 1207 498 1292 νομιστέον
531 1201 613 1291 [διν]
647 1200 703 1273 ἀπ’
740 1200 846 1273 αὐτοῦ
882 1205 1157 1293 παραδεξαμένην

143 1310 205 1398 τήν
234 1307 361 1383 οὐσίαν,
374 1302 482 1378 οὖσαν
499 1336 534 1378 τε
553 1307 658 1379 αότοῦ
684 1317 813 1379 τελείαν
835 1309 956 1398 νόησιν
976 1310 1157 1385 συνάπτειν
1171 1335 1197 1375 10

143 1415 205 1505 μὲν
230 1413 311 1496 τούς
337 1417 412 1504 περὶ
439 1414 501 1485 τὸν
519 1413 638 1485 Ἥλιον
665 1413 768 1497 θεοὺς
796 1408 840 1484 αὖ
867 1419 913 1507 τῷ
942 1422 1074 1501 βασιλεῖ
1088 1418 1157 1484 τῶν

144 1519 234 1591 ὅλων
261 1517 362 1613 Ἡλίῳ
397 1527 473 1609 δίχα
505 1521 698 1610 συγχύσεως
730 1528 776 1602 είς
812 1524 949 1606 ἕνωσιν,
981 1519 1089 1610 αὐτήν
1120 1522 1159 1591 δὲ

143 1625 206 1715 τήν
233 1625 400 1717 άχρανιον
431 1630 487 1696 καὶ
514 1627 671 1718 καθαρὰν
706 1626 792 1715 ζωήν
820 1625 877 1696 ἀπ’
907 1625 1010 1716 ἅκρας
1037 1624 1158 1709 ἁψῖδος

145 1732 295 1823 οὐρανοῦ
328 1732 384 1804 διὰ
418 1737 487 1803 τῶν
520 1732 600 1804 ἑπτά
636 1733 769 1804 κύκλων
806 1731 882 1823 άχρι
917 1736 976 1822 τής
1006 1733 1159 1822 Σελήνης

92 1843 321 1929 Ιοονέμουσαν
348 1840 564 1929 ἐποχετεύειν,
591 1837 635 1929 ήν
656 1836 677 1928 ή
701 1839 782 1922 θεὸς
808 1838 869 1928 ήδε
893 1843 963 1908 τῶν
989 1841 1157 1908 κυκλικῶν
1171 1864 1198 1904 15

145 1939 253 2016 οὖσαν
280 1947 444 2035 σωμάτων
472 1947 614 2035 ἐσχάτην
633 1946 801 2037 ἐπλήρωσε
829 1944 916 2034 [διὰ]
944 1949 1003 2035 τής
1029 1945 1158 2035 φρονή-

145 2074 243 2140 σεως,
275 2050 336 2142 ὑφ’
372 2046 412 2142 ής
443 2050 463 2142 ή
497 2053 629 2141 Σελήνη
661 2053 703 2121 τά
734 2079 768 2122 τε
800 2048 884 2142 ὑπὲρ
916 2050 976 2121 τὸν
1009 2048 1159 2139 οὐρανὸν

144 2170 270 2248 θεωρεῖ
294 2159 398 2247 νοητά
416 2161 472 2229 καὶ
489 2158 530 2228 τά
558 2156 619 2247 ὑφ’
651 2157 776 2247 ἑαυτήν
793 2162 965 2246 κοσμοῦσα
992 2155 1054 2244 τήν
1073 2156 1159 2245 ὕλην

144 2281 215 2345 τοῖς
246 2270 371 2333 είδεσιν
403 2262 536 2353 άναιρεί
564 2263 602 2334 τὸ
633 2267 801 2354 θηριῶδες
833 2262 935 2351 αὐτῆς
971 2266 1027 2333 καὶ
1058 2291 1159 2354 ταρα-
1203 2348 1206 2353 ³

145 2373 249 2457 χάδες
281 2371 336 2438 καὶ
368 2367 520 2440 άτακτον.
570 2367 764 2463 ἀνθρώποις
796 2370 833 2439 δὲ
865 2367 979 2457 άγαθόι
1016 2376 1158 2439 δίδωσιν
1173 2395 1199 2434 νο

142 2473 270 2562 Ἀθηνᾶ
302 2482 430 2563 σοφίαν
458 2477 525 2566 (τό)
552 2503 587 2546 τε
619 2492 714 2546 νοεῖν
745 2479 801 2546 καὶ
833 2475 891 2558 τάς
919 2474 1160 2565 δημιουργικὰς

145 2583 270 2668 τέχνας.
307 2597 454 2652 κατοικεῖ
483 2583 521 2653 δὲ
551 2581 610 2664 τὰς
642 2581 838 2671 ἀκροπόλεις
870 2579 954 2670 αὕτη
983 2582 1160 2671 δήπουθεν

146 2690 418 2776 καταστησαμένη
445 2687 508 2777 τὴν
534 2688 707 2777 πολιτικήν
735 2686 791 2758 διά
819 2695 942 2776 σοφίας
969 2689 1159 2758 κοινωνιάν.

104 2791 245 2882 Βόλίγα
277 2800 325 2863 ἔτι
356 2797 431 2884 περὶ
461 2792 674 2885 Ἀφροδίτης,
710 2792 754 2882 ήν
791 2795 1066 2883 συνεφάπτεσθαι
1102 2798 1161 2882 της

146 2907 368 2991 δημιουργίας
384 2904 430 2993 τῷ
448 2905 519 2993 θεῷ
540 2907 709 2971 Φοινίκων
733 2897 958 2988 ὁμολογοῦσιν
977 2905 1012 2970 οἱ
1036 2901 1157 2986 λόγιοι,
1172 2923 1199 2964 ιε

146 3011 202 3077 καὶ
230 3005 294 3095 ἐγὼ
323 3013 490 3096 πείθομαι.
527 3014 596 3076 ἔστι
624 3005 666 3094 δή
687 2999 751 3076 οὖν
778 3005 861 3095 αὕτη
891 3008 1074 3097 σύγκρασις
1092 3009 1161 3075 τῶν

215 3259 327 3310 51liad
340 3258 378 3339 θ,
397 3259 496 3340 5381*3¹
508 3259 558 3309 827
627 3251 746 3325 6Ηλίῳ
764 3256 839 3325 Η]η
827 3247 939 3338 λιος
975 3248 1038 3308 ’λό’
1058 3256 1121 3307 add.
1134 3257 1162 3306 H

146 3327 162 3375 8
191 3321 224 3376 (ll
244 3323 282 3392 H]
311 3319 348 3392 δή
435 3317 490 3377 9
478 3318 516 3378 άν
537 3325 653 3376 inclusit
674 3326 701 3375 H
790 3275 839 3377 13²²
846 3320 900 3392 τήν
919 3315 1064 3393 ἄχραντον
1086 3320 1161 3403 libri]

146 3387 320 3507 μχραντον
372 3396 403 3445 16
426 3386 530 3472 ἐσχάτη
553 3393 617 3445 libri
650 3392 654 3458 Ι
687 3386 738 3443 διά
756 3393 871 3443 inclusit
889 3393 914 3442 H
996 3393 1028 3443 18
1053 3381 1161 3456 ἑαυτήν

146 3459 237 3538 libri]
249 3452 341 3524 αὐτὴν
426 3464 458 3511 21
481 3454 514 3513 τό
533 3476 563 3511 τε
581 3461 608 3511 Η
645 3477 676 3512 τε
698 3460 776 3526 libri,
804 3457 854 3512 καὶ
878 3479 909 3523 v,
937 3475 967 3512 τε
985 3455 1036 3510 καί
1054 3459 1161 3510 ιοετοίΙ.

137 3528 177 3573 22
192 3542 272 3593 αντη
287 3525 365 3594 libri]
384 3518 459 3594 αὐτή
479 3530 551 3593 Pet,
570 3542 662 3589 αντας
679 3545 696 3581 v
757 3498 790 3580 2'5
808 3529 846 3596 τῷ
865 3526 931 3596 θεῷ
946 3524 1021 3593 libri]
1043 3525 1079 3594 τῇ
1097 3525 1162 3595 θεῳ
