2414 3862
126 145 190 211 546
237 110 240 115 ⁴
428 143 573 195 ιοοιεοα
589 140 838 194 οεοειωοοειε

123 279 280 360 Ἡσίοδος
312 278 403 349 οὔτε
419 277 549 361 τούτων
577 304 642 363 τις,
674 273 734 357 οὑς
762 277 958 363 ἐξηγοῦνται
985 278 1044 345 καί
1064 267 1150 366 Ι(οὑν)

128 386 371 474 κατεγνωκότες
402 386 489 454 εἰσὶν
521 383 678 471 ἀσέβειαν
709 380 832 451 ἀνοιάν
862 409 898 450 τε
928 383 985 450 καί
1014 382 1151 476 πλάνην

129 501 177 574 είς
198 492 277 573 τοὺς
298 491 417 576 θεοὺς,
439 491 593 572 τοιοῦτός
615 493 715 560 ἐστιν.
745 492 815 559 ἐπεὶ
838 487 870 558 δ’
897 492 930 572 ἐξ
953 484 1004 560 ὧν
1029 492 1151 559 ἐκεῖνοι

129 601 316 689 γεγράφασι
343 599 619 687 παρατρέφονται
639 600 922 686 μισθαρνοῦντες,
955 597 1045 666 εἶναι
1073 594 1150 683 δμο-

130 710 292 793 λονοὺσιν
311 705 640 793 αλσχροιιερδέστατοι
658 705 714 771 καὶ
733 707 893 792 δραχμῶν
908 703 1041 790 ὀλίγων
1055 706 1172 772 ἕνεκαι

130 813 239 882 πάντα
265 808 455 898 ὑπομένειν.
501 813 563 889 ἕως
589 809 651 897 μὲν
680 802 744 878 οὑν
765 809 890 878 τούτου
912 809 1021 879 πολλὰ
1045 803 1090 897 ἦν
1112 809 1150 877 τά

93 928 224 987 Οαίτια
250 921 312 985 τοῦ
339 915 384 1004 μὴ
412 919 536 1003 φοιτᾶν
559 920 608 996 είς
628 915 669 983 τὰ
694 915 781 1002 ίερά,
812 917 868 984 καί
893 913 910 985 ὁ
935 916 1149 1003 πανταχόθεν

132 1022 391 1112 ἑπικρεμάμενος
405 1022 513 1110 φόβος
528 1023 644 1090 ἐδίδου
658 1020 863 1108 συγγνώμην
876 1020 1149 1109 ἀποκρύπτεσθαι

131 1130 190 1210 τὰς
220 1127 449 1217 ἀληθεστάτας
475 1127 563 1217 ὑπὲρ
594 1130 663 1196 τῶν
694 1131 788 1196 θεῶν
815 1129 929 1209 δόξας·
971 1128 1085 1216 ἐπειδὴ
1113 1129 1149 1197 δὲ

132 1234 213 1323 ἡμῖν
246 1238 282 1303 οί
309 1236 386 1303 θεοὶ
417 1234 480 1321 τὴν
506 1235 704 1321 ἐλευθερίαν
732 1237 871 1319 ἔδοσαν,
907 1231 1038 1302 ἀτόπου
1065 1233 1187 1314 εἶναίιο,

132 1368 190 1428 μοι
216 1346 372 1426 φαίνεται
401 1339 574 1407 διδάσκειν
600 1341 711 1408 ἐκεῖνα
737 1339 817 1419 τοὺς
839 1337 1060 1429 ἀνθρώπους,
1089 1339 1150 1410 ὅσα

133 1445 178 1535 μὴ
206 1452 401 1532 νομίζουσιν
428 1438 466 1514 εὖ
489 1450 586 1533 ἔχειν.
631 1444 703 1516 ἀλλ’
729 1451 761 1514 εί
781 1447 843 1534 μὲν
868 1457 1000 1516 οίονται
1024 1448 1151 1536 σοφοὺς

134 1544 183 1620 ὧν
206 1556 292 1623 είσιν
316 1553 469 1639 ἐξηγηταί
496 1552 553 1619 καί
576 1544 626 1619 ὧν
647 1550 758 1641 ὥσπερ
781 1557 949 1642 προφῆται
972 1554 1151 1643 κάθηνται,

91 1658 326 1745 Βζηλοόντων
358 1655 471 1726 αὑτων
500 1662 634 1745 πρῶτον
660 1658 723 1746 τὴν
750 1664 798 1739 είς
824 1658 903 1738 τοὺς
930 1658 1037 1741 θεοὺς
1064 1659 1151 1730 εὐσέ-

95 1794 120 1835 ει
135 1773 246 1853 βειαν·
277 1769 308 1833 εί
330 1764 367 1833 δὲ
390 1770 438 1845 είς
459 1762 538 1844 τοὺς
559 1762 779 1852 τιμιωτάτους
799 1763 1079 1852 ὑπολαμβάνουσι
1102 1791 1180 1837 ατε-ιι

135 1876 341 1959 πλανῆσθαι,
364 1871 572 1958 βαδιζόντων
594 1875 642 1949 είς
662 1869 722 1950 τὰς
743 1875 812 1939 τῶν
830 1877 1024 1941 Γαλιλαίων
1042 1877 1151 1964 ἐκκλη

136 1983 210 2057 σίας
244 1975 482 2065 ε’ξημησόμενοι
514 1983 700 2046 Ματθαῖον
731 1978 786 2045 καί
813 1982 971 2065 Λουκάν,
1006 1975 1059 2062 οἷς
1088 2007 1152 2051 πει-

97 2145 102 2157 ,
137 2084 275 2163 σθέντες
294 2086 424 2171 ἱερείων
438 2081 538 2211 ὑμεῖς
544 2080 727 2169 ἀπέχεσθαι
740 2093 963 2170 νομοθετεῖτε.
987 2087 1152 2176 βούλομαι

136 2186 234 2318 ὑμῶν
261 2185 325 2275 ἐγω
353 2186 470 2257 καί
436 2215 493 2267 τας
520 2184 637 2273 ἀκοάς,
668 2215 714 2267 ως
740 2184 784 2256 ἀν
810 2187 905 2278 ὑμεῖς
927 2199 1069 2281 εἴποιτε,
1102 2196 1152 2264 καλ

136 2295 199 2383 τὴν
221 2297 371 2381 γλῶτταν
393 2296 703 2382 ἐξαναμεννηθῆυαι
725 2293 870 2382 τούτων,
893 2324 944 2366 ων
966 2305 1085 2387 ἔμοιγε
1107 2311 1179 2388 εἴην

137 2401 284 2488 μετεχειν
307 2395 359 2466 ἀεὶ
385 2398 484 2467 καλ“
465 2420 556 2480 οστις
580 2401 652 2487 ἐμοὶ
675 2405 758 2486 φίλα
781 2416 854 2470 νοεῖ
873 2428 909 2470 τε
931 2405 988 2472 καί
1012 2406 1154 2494 πράττει

136 2518 207 2584 τοις
237 2505 300 2591 μὲν
327 2505 535 2593 καθηγεμόσι
562 2507 618 2574 καὶ
646 2506 862 2586 διδασκάλοις
889 2506 1015 2579 οὑτωσί
1043 2512 1154 2591 κοινὸς

84 2624 241 2680 4λλκεῖται
273 2609 391 2696 νόμος·
433 2609 451 2680 δ
484 2611 691 2698 βουλόμενος
722 2613 785 2702 γάρ
817 2618 886 2682 τῶν
913 2617 1005 2684 νέων
1033 2624 1153 2705 φοιτᾶν

138 2714 208 2787 οὐκ.
223 2715 481 2786 ἀποκόκλεισται.
527 2714 608 2786 οὐδὲ
630 2717 694 2805 γάρ
718 2716 798 2787 οὐδὲ
821 2717 965 2805 εὔλογον
991 2719 1152 2809 ἀγνοοῦν·

137 2851 196 2904 τας
216 2829 263 2891 ἔτι
282 2822 362 2902 τοὺς
379 2827 510 2908 παῖδας,
535 2821 588 2909 ἐφ’
605 2823 672 2909 ό,τι
689 2827 885 2953 τρέπωνται,
907 2831 967 2912 τῆς
985 2834 1179 2918 βελτίστηςθ

208 3074 280 3134 Ῑῶν
300 3081 361 3138 add,
380 3082 446 3136 Rsk.
466 3082 588 3158 ειῌεοο.
603 3071 733 3200 33}
712 3100 752 3134 ων
771 3034 879 3136 ἐκεῖνοι
897 3085 965 3137 Rsk.
979 3083 1150 3166 etSintenis]

126 3143 245 3202 ε’κεῐνοι
268 3139 340 3214 ἐξ
321 3168 361 3201 ων
438 3152 454 3199 6
479 3141 576 3200 πάντα
584 3142 672 3232 ὑπομ

139 3212 297 3295 ὑπομένειν
315 3237 347 3283 v,
377 3210 474 3268 πάντα
496 3210 699 3295 ὑπομένοντες
714 3218 780 3268 Rsk.
869 3223 899 3269 12
928 3217 1039 3286 σοφοὺς
1025 3219 1150 3299 cHrch3]

85 3335 86 3338 ,
139 3276 217 3349 σοφά
270 3287 302 3337 14
320 3257 480 3352 ζηλούντων
497 3281 593 3352 Hreh.]
608 3276 794 3366 ζηλοότωσαν
809 3285 814 3351 Ι
829 3285 951 3354 πρῶτον]
969 3289 1066 3340 Malim
1085 3307 1122 3357 πρ
1123 3288 1151 3341 ὦ

138 3368 198 3414 τοι,
216 3358 353 3434 praeter
373 3356 504 3404 ceteros
550 3346 615 3404 18
600 3355 684 3417 υμεις
701 3358 859 3419 suspectum
879 3361 922 3407 est
938 3357 1084 3410 Herohero
1107 3310 1152 3408 922

25 3463 28 3469 ,
138 3414 203 3483 μεν]
227 3415 326 3483 μέντοι
345 3421 412 3473 Rsk
446 3419 467 3497 Ι
483 3410 581 3472 οὑτοσὶ
597 3426 682 3472 mart.
704 3423 800 3473 lek.
818 3423 903 3473 Hrch.
941 3423 986 3479 cf
1004 3426 1050 3545 αδὲ
1058 3425 1108 3476 30
1126 3430 1152 3475 et

137 3487 213 3536 Isaei
232 3502 270 3535 or.
288 3488 347 3547 213
365 3481 417 3539 τόν
433 3479 523 3553 νόμον
542 3483 651 3554 ἔθηκεν
669 3479 759 3592 οὑτως
812 3492 844 3541 25
863 3488 924 3557 τῆς]
945 3489 997 3556 τῆς
1015 3487 1050 3556 μδ
1053 3509 1070 3542 ν
1087 3492 1150 3544 Rsk.

689 3166 751 3202 νειν
770 3151 1021 3234 Hemsterhusius]
1041 3149 1151 3214 πάντως
