2414 3862
126 151 190 217 548
430 153 574 205 mmm
592 154 839 206 ιιιεοαιτοειε

127 293 255 357 κοινῶν
291 274 426 371 ἀταξίας
461 293 561 375 δίκην
596 293 723 375 τίσητε,
760 290 848 375 ξίφει
879 290 935 357 καὶ
968 294 1064 380 φυγή
1098 293 1153 360 καὶ

129 396 210 481 πυρὶ
234 395 462 482 ζημιωθέντες.

89 585 113 638 Β
490 570 554 659 μῦ.
600 562 788 662 Λιβάνίφ.

211 694 305 782 ’Ἁρτι
330 723 388 783 μοι
410 696 614 786 παυσαμένῳ
636 699 694 782 τῆς
716 701 859 783 χαλεπῆς
881 694 971 765 πάνν
993 698 1053 765 καὶ
1076 677 1153 783 τρα-

131 808 221 889 χείας
248 800 354 869 νόσον
381 805 421 890 τή
449 805 510 870 τοῦ
533 803 641 869 πάντα
665 803 857 908 ἐφορῶντος
879 808 1025 930 προηοίηι
1032 803 1152 936 γράμ-
1163 829 1174 868 τ

131 933 217 994 ματα
255 910 302 986 είς
338 920 449 996 χεῖρας
485 900 591 994 ἦλθεν
628 906 786 994 ὑμέτερα,
822 906 901 975 καθ’
941 905 985 996 ἣν
1023 906 1152 1037 ἡμέραν

130 1017 265 1100 πρῶτον
293 1011 491 1101 ἐίονσάμην.
537 1019 649 1101 δείλης
677 1011 742 1100 ήδη
770 1017 873 1081 ταῦτα
895 1011 1070 1100 ἀναγνοὺς
1093 1012 1152 1083 οῦκ

90 1127 112 1183 C
132 1115 175 1187 ἀν
193 1128 299 1199 είποις
317 1122 442 1209 ῥηιδίως
460 1118 550 1200 ὅπως
568 1118 802 1209 ἐρρωννῦμην,
826 1120 1079 1207 αίσθανόμενος
1096 1125 1153 1207 τῆς

131 1229 191 1310 σής
218 1223 429 1313 ἀκραιφνοῦς
451 1226 507 1292 καὶ
530 1230 683 1313 καθαρᾶς
705 1222 855 1311 εῦνοίας,
884 1217 924 1312 ἧς
948 1235 1024 1295 είθε
1046 1233 1152 1314 γενοί-

130 1356 198 1415 μην
225 1328 334 1413 ἄξιος,
366 1327 412 1408 ῶς
438 1325 482 1396 ἀν
504 1329 549 1417 μή
573 1330 830 1418 καταισχύναιμι
851 1329 1152 1419 τήνσήνφιίίαν.
1164 1356 1185 1394 10

130 1433 190 1514 τὰς
212 1434 274 1521 μὲν
298 1426 361 1503 οῦν
384 1432 544 1523 ὑμετέρας
568 1437 742 1516 ἐπιστολὰς
764 1434 870 1516 εῦθῦς
891 1434 1061 1524 ἀνέγνων,
1084 1446 1152 1507 καί-

131 1564 192 1629 περ
222 1538 263 1609 οῦ
293 1541 426 1629 σφόδρα
452 1545 552 1611 τοῦτο
581 1556 691 1610 ποιεῖν
714 1544 917 1631 θννάμενος,
950 1542 1012 1624 τὰς
1035 1545 1073 1614 δὲ
1095 1551 1152 1615 τοῦ

129 1645 312 1724 Ἀντωνίον
343 1646 427 1736 πρὸς
457 1648 518 1717 τὸν
547 1646 766 1737 Ἁλέξανδρον
799 1654 846 1728 είς
877 1648 957 1735 τήν,
972 1647 1153 1737 ὑστεραίαν

132 1753 388 1842 έταμιενσάμην.
440 1756 571 1823 έκεσθεν
608 1753 733 1844 ἑβδόμη
771 1775 825 1824 σοι
861 1757 967 1822 ταῦτα
1005 1761 1153 1845 ἔγραφον

132 1858 251 1950 ήμέρηι,
282 1861 366 1931 κατὰ
388 1860 492 1948 λόγον
514 1888 572 1948 μοι
595 1871 653 1947 τῆς
676 1860 809 1947 ρῶσεως
831 1860 1076 1949 προχωρούσης
1099 1863 1151 1931 διὰ
1163 1883 1183 1922 1⁵

88 1972 112 2027 D
132 1966 194 2055 τήν
222 1972 284 2036 τοῦ
307 1970 394 2037 θεοῦ
415 1966 638 2054 προμήθειαν.
684 1966 804 2049 σῶζοιό
827 1994 901 2054 μοι,
922 1971 1153 2051 ποθεινότατε

133 2074 188 2140 καὶ
215 2074 415 2159 φιλικῶτατε
440 2070 567 2159 ἀδελφέ
589 2077 612 2157 [,
636 2071 709 2140 ῦπὸἹ
724 2077 786 2141 τοῦ
808 2072 856 2140 τὰ.
871 2071 981 2140 πάντα
1006 2077 1169 2166 ἐφορῶν·

98 2204 194 2259 εετος
216 2184 317 2249 θεοῦ·
342 2185 452 2266 ίθοιμί
472 2198 522 2266 σε,
546 2176 628 2265 ἐμὸν
650 2175 794 2263 ἀγαθόν.
813 2218 855 2229 -
879 2179 935 2245 καί
959 2182 1033 2270 ίδίηι
1055 2192 1153 2271 χειρί·

134 2285 176 2372 νή
200 2284 264 2372 τήν
287 2285 380 2374 (σήν)
409 2290 579 2371 σωτηρίαν
600 2284 656 2351 καὶ
679 2282 741 2370 τήν
765 2285 863 2372 ἐμήν,
893 2283 937 2371 νή
961 2285 1025 2354 τὸν
1047 2289 1154 2358 πάντα

133 2394 307 2478 ἐφορῶντα
330 2389 425 2477 θεόν,
448 2386 493 2469 ῶς
515 2393 632 2477 φρονῶ
652 2390 812 2477 γέγραφα.
844 2388 1055 2480 ἀγαθῶτατε,
1079 2395 1180 2465 πότε20

135 2515 172 2563 σε
200 2499 262 2562 eom
291 2495 346 2562 καὶ
373 2495 617 2584 περιλάβωμαι;
651 2498 721 2562 νῦν
747 2495 812 2584 γάρ
840 2516 903 2565 σον
925 2499 982 2566 καὶ
1005 2499 1154 2590 τοῦνομα

131 2603 284 2688 καθάπερ
309 2604 344 2670 οί
365 2602 549 2691 δυσέρωτες
570 2604 681 2688 φιλῶ]

82 2789 134 2838 426
406 2750 412 2765 .
506 2778 565 2865 με’.
612 2777 777 2864 Ζήνωνι.

224 2902 341 2973 Πολλὰ
364 2903 427 2989 μὲν
450 2903 504 2970 καὶ
528 2901 612 2969 ἀλλα
636 2922 690 2969 σοι
712 2916 875 2990 μαρτυρεῖ
894 2903 951 2969 καὶ
974 2910 1035 2993 τής
1054 2913 1151 2992 ίατρι-

132 3015 193 3099 κής
215 3013 333 3100 τέχνης
357 3014 403 3088 είς
425 3006 466 3076 τά
488 3011 601 3096 πρῶτα
625 3004 778 3094 ἀνήκειν,
797 3009 852 3075 καὶ
875 3008 987 3097 ήθοος
1009 3014 1066 3080 καὶ
1091 3015 1181 3080 §qn-25

205 3166 218 3213 1
238 3154 374 3227 ἀταξίας]
403 3153 542 3224 εῦταξίας
559 3152 639 3211 vel
623 3175 697 3225 οπερ
715 3159 773 3211 τῶν
791 3157 898 3212 κοινῶν
916 3159 968 3226 τῆς
986 3156 1112 3229 αταξίας
1129 3165 1151 3214 Η

133 3233 149 3281 3
173 3229 265 3296 Αιβαν
269 3228 312 3300 ίῳ]
338 3229 454 3298 Πρίσκῳ
477 3231 541 3280 Bar.
562 3229 683 3279 fortasse
701 3233 774 3278 reete
855 3231 1151 3299 4et5„tqoe1a'us

133 3299 158 3348 N
161 3313 203 3348 am
221 3298 253 3349 de
272 3287 421 3350 morbot
383 3299 439 3348 cito
456 3302 485 3346 et
496 3302 577 3348 acuto
590 3300 742 3372 usurpatur
752 3287 843 3358 ὀξεῖα,
862 3312 918 3347 non
931 3300 1064 3364 ταχεια“.
1088 3300 1151 3351 Rsk.

133 3365 252 3430 ταχείας
270 3383 287 3418 v
353 3367 462 3415 17-22
480 3356 539 3417 ῦπὸ
558 3363 656 3416 τοῦ-
669 3360 744 3442 φιίῶ
763 3363 823 3414 add.
842 3363 905 3419 Bar
913 3367 1020 3428 ,uncis
1040 3369 1151 3419 circum·

134 3434 220 3509 sepsit
239 3434 354 3509 δημοῦ..
374 3430 480 3500 abjecit
469 3433 584 3483 tH.rch
654 3433 686 3482 19
705 3422 760 3503 σήν
777 3429 837 3486 add.
855 3403 920 3482 Pet?
970 3436 1005 3484 23
1025 3428 1149 3501 Ζήνωνι]

134 3489 278 3566 ἀρχιητρῳ
298 3500 357 3550 add.
377 3491 439 3550 B'ar.
888 3545 890 3551 .
