2436 3870
160 191 224 255 374
460 190 604 244 Ιοιιωιι
623 192 873 244 ιιιεειιινοοιε

161 317 204 391 ἀν
235 329 375 407 είποιμι·
412 320 468 388 καὶ
499 316 564 408 γὰρ
602 314 646 387 ἀν
677 328 727 407 είη
759 322 929 401 παντελῶς
965 318 1107 409 ἀλογον,
1144 328 1169 390 εί

159 426 238 509 τούς
280 426 414 509 ἰδιώτας
455 422 631 513 ἀξιώσαιμι
672 430 858 513 βασιλικαῖς
898 427 1168 516 παραβάλλεσθαι

116 539 344 625 Βχορηγίαις·
376 529 449 602 ἀλλ’
480 529 534 602 ὅτε
562 537 609 601 ἔτι
637 531 822 619 ἐτύγχανον
850 532 1000 621 ίδιώτης,
1029 533 1168 604 σύνοιδα

159 645 290 733 ἐμαυτῷ
317 644 416 710 τούτο
445 634 577 727 ἀποβὰν
595 636 760 719 πολλάκις.
797 635 955 726 ἀπεσώθη
975 667 1033 728 μοι
1051 643 1170 722 τέλειος

160 745 177 817 ὁ
205 750 326 837 κλῆρος
352 749 411 835 τῆς
437 744 554 833 τήθης,
582 745 737 832 ἐχόμενος
763 741 817 814 ὑπ’
847 743 957 814 ἀλλων
983 753 1116 834 βιαίως,
1138 751 1192 820 ίκε

158 856 310 942 βραχέων
343 844 391 921 ῶν
427 849 518 939 εἶχον
554 847 769 920 ἀναλίσκοντι
804 865 875 933 νοίς
912 852 1087 940 δεομένοις
1117 856 1169 924 καὶ

158 959 377 1048 μεταδιδόντι.
413 958 638 1047 κοινωνητέον
666 948 729 1026 ούν
746 961 815 1026 τῶν
842 957 1020 1048 χρημάτων
1048 957 1169 1030 ἅπασιν

158 1063 363 1156 ἀνθρώποις,
390 1062 474 1133 ἀλλὰ
500 1079 572 1146 τοῖς
598 1063 659 1152 μὲν
677 1065 855 1132 ἐπιεικέσιν
882 1065 1169 1157 ἐλευθεριώτερον,

157 1187 227 1252 τοῖς
269 1172 306 1240 δὲ
342 1168 481 1258 ἀπόροις
517 1171 573 1239 καί
614 1170 755 1256 πένησιν
796 1166 878 1239 ὅσον
917 1173 1098 1260 ἐπαρκέσαι
1133 1176 1170 1262 τῇ

157 1283 258 1366 χρεία.
305 1282 412 1363 φαίην
444 1273 475 1343 δ’
511 1273 569 1362 ἀν,
602 1281 633 1343 εί
663 1277 718 1344 καί
745 1276 939 1365 παράδοξον
966 1281 1089 1365 εἰπεῖν,
1122 1277 1204 1351 ότιιι

119 1409 120 1412 ’
157 1383 212 1450 καὶ
239 1395 309 1463 τοῖς
336 1387 505 1469 πολεμίοις
533 1383 676 1470 ἐσθῆτος
703 1383 758 1450 καὶ
776 1385 905 1472 τροφῆς
933 1380 1030 1452 ὅσιον
1059 1381 1169 1473 ἀνείη

105 1501 154 1549 291
162 1488 390 1575 μεταδιδόναι·
431 1491 477 1580 τῶ
504 1486 569 1576 γὰρ
598 1483 803 1579 ἀνθρωπίνῳ
831 1493 887 1556 καὶ
915 1485 958 1557 ού
984 1493 1031 1581 τῶ
1058 1491 1169 1583 τρόπω

157 1599 304 1682 δίδομεν.
364 1594 480 1683 διόπερ
522 1591 614 1683 οἶμαι
654 1594 710 1663 καὶ
751 1592 832 1674 τούς
872 1597 909 1661 ἐν
954 1599 1169 1690 δεσμωτηρίῳ

99 1793 102 1795 ‚
156 1697 420 1790 καθειργμένους
434 1698 592 1783 ἀξιωτέον
610 1702 668 1787 τῆς
681 1700 837 1788 τοιαύτης
855 1692 1048 1789 ἐπιμελείας.
1069 1701 1170 1772 οὐδὲν

156 1806 220 1894 γὰρ
262 1809 405 1877 κωλύσει
444 1805 507 1895 τὴν
548 1811 647 1894 δίκην
683 1801 704 1894 ἡ
740 1805 878 1895 τοιαύτη
920 1816 1169 1897 φιλανθρωπία.
1182 1841 1202 1881 15

155 1912 303 2001 χαλεπὸν,
331 1911 395 2005 γάρ
427 1910 471 1982 ἀν
502 1923 569 2002 είη,
605 1913 740 1982 πολλῶν
772 1909 1081 2001 ἀποκεκλεισμένων
1118 1918 1169 1984 ἐπὶ

155 2026 277 2108 κρίσει,
309 2023 365 2089 καὶ
396 2023 464 2089 τῶν
501 2020 562 2108 μὲν
594 2015 828 2106 όφλησόντων,
865 2022 934 2087 τῶν
970 2020 1007 2088 δὲ
1045 2018 1169 2115 ἀθρόων

156 2122 510 2214 ἀποφανθησομένων,
551 2122 612 2213 μη
633 2122 704 2193 διδιἸ
724 2122 803 2205 τοὺς
844 2122 1015 2207 ἀναιτίους
1057 2126 1169 2198 οἶκτόν

117 2237 234 2299 Βτινα
266 2234 377 2318 νέμειν
409 2235 464 2301 καὶ
496 2247 566 2313 τοῖς
580 2224 768 2319 πονηροῖς,
801 2228 884 2300 ἀλλὰ
914 2234 983 2300 τῶν
1010 2239 1169 2324 πονηρῶν

155 2339 252 2404 ἕνεκα
284 2339 339 2405 καί
366 2340 441 2428 περὶ
468 2336 548 2419 τοὺς
575 2335 676 2408 ούδδν
707 2334 906 2424 ἠδικηκότας
937 2335 1086 2425 ἀνηλεῶς
1113 2344 1168 2410 καὶ
1181 2373 1201 2411 ιι

155 2439 391 2531 ἀπανθρώπως
423 2450 622 2513 διακεῖσθαι.
674 2446 780 2512 ἐκεῖνο
823 2444 860 2511 δὲ
893 2446 1074 2512 ἕννοούυτί
1113 2475 1168 2534 μοι

154 2549 366 2618 παντάπασιν
393 2548 513 2619 ἀδικον
535 2556 786 2637 καταφαίνεται·
815 2551 935 2626 Ξένιον
962 2546 1168 2640 ὀνομάζομεν

48 2680 51 2693 “
153 2659 238 2741 Δία,
279 2657 335 2724 καί
376 2657 563 2744 γιγνόμεθα
603 2659 671 2724 τῶν
708 2658 859 2725 Σκυθῶν
899 2657 1167 2748 κακοξενώτεροι.

152 2762 222 2842 πῶς
255 2753 319 2831 ούν
347 2758 364 2830 ὁ
392 2763 599 2850 βουλόμενος
629 2765 675 2854 τῷ
703 2764 809 2853 Ξενίφ
841 2764 949 2830 θύσαι
976 2764 1038 2830 Διὶ
1067 2769 1167 2856 φοιτᾷ

152 2866 236 2956 πρὸς
251 2866 323 2937 τόν
350 2870 452 2952 νεών;
485 2866 565 2956 μετὰ
592 2870 744 2937 ποταποῦ
771 2867 981 2957 συνειδότος,
1009 2871 1166 2940 ἐπιλαθό-
1179 2901 1199 2940 ιι

153 3000 252 3060 μενος
278 3001 341 3044 τον

237 3253 252 3300 2
275 3246 517 3319 παραβάλλεσθαι
540 3246 581 3318 V]
610 3246 832 3317 παραβαλέσθαι
928 3254 944 3302 5
971 3243 1067 3318 τήθης
1093 3253 1167 3316 οου,

151 3330 223 3378 aviae
249 3326 326 3394 Pet]
355 3328 460 3395 τίτθης
546 3330 561 3378 ’λ
588 3323 797 3394 κοινωνητέον]
829 3330 890 3380 vid.
919 3328 953 3380 ad
982 3330 1048 3378 1713
1138 3331 1165 3379 11

125 3414 126 3417 ’
150 3400 308 3469 πολεμίοις]
335 3407 473 3471 πονηροῖς
496 3405 523 3454 Η
609 3405 642 3454 14
663 3401 714 3468 τῆς
737 3398 888 3472 τοιαύτης]
915 3399 1051 3471 τοιαύτης
1075 3412 1131 3472 pet.
1162 3403 1165 3468 λ

151 3468 242 3528 ούδὲν
260 3477 297 3545 Η]
316 3470 410 3531 οόθὲν
480 3483 512 3531 19
529 3478 578 3532 καὶ
596 3479 674 3546 Cob.]
694 3475 746 3546 [ἐν]
799 3483 833 3532 24
850 3474 943 3533 θύσαι
960 3483 984 3532 V
1066 3483 1099 3532 26
1117 3477 1166 3533 τού

9 3560 23 3603 ἢ
137 3553 221 3621 Ρελ.]
240 3572 273 3609 τε
705 3565 715 3585 ·
