2422 3862
340 153 543 206 ιυιουοιιυ
562 157 604 208 ιι.
625 157 664 208 15.
685 157 787 208 1s.17.
1010 151 1074 216 495

310 306 362 376 ις’.
396 304 618 387 Ἰουλιανὸς
639 311 688 400 τῷ
712 303 826 399 αὐτῷ.
1095 320 1116 376 c

144 428 179 499 ‘0
200 432 262 519 μὲν
286 435 397 520 μῦθος
418 440 509 499 ποιεί
526 430 587 500 τὸν
610 429 720 517 ἀετόν,
743 432 880 499 έπειδαν
898 430 938 498 τὰ
957 429 1079 517 γνήσια

57 542 127 606 τῶν
163 538 343 626 κυημάτων
380 543 556 626 βασανίζη,
593 538 711 625 φέρειν
748 535 868 606 ἀπτιλα
901 535 986 624 πρὸς
1017 536 1078 604 τὸν

59 643 182 732 αίθέρα
204 644 259 711 καλ
282 659 354 724 ταῖς
376 641 475 731 ἡλίου
497 642 681 732 προσάγειν
699 641 846 729 ἀκτῖσιν,
878 641 987 731 ῶσπερ
1010 640 1076 710 ὑπὸ

30 749 202 838 ιμάρτυρι
220 753 266 841 τῷ
286 754 356 842 θεῶ
375 751 500 838 πατέρα
517 774 553 818 τε
571 748 722 836 ἀληθοῦς
741 753 878 818 νεοττοῦ
896 748 1078 837 γινόμενον

57 855 113 924 καλ
140 858 252 925 νόθου
277 860 380 945 γονῆς
408 854 704 944 ἀλλοτριούμενον·
739 853 834 944 ἡμεῖς
858 857 898 924 δέ
918 876 973 925 σοι
995 867 1077 925 καθ·

58 966 139 1052 άπερ
168 961 272 1052 Ἑρμῇ
309 968 412 1054 λογίῳ
448 961 528 1042 τοὺς
565 960 745 1050 ἡμετέρους
780 964 904 1049 λόγους
939 965 1077 1052 ἐγχειρί-

59 1075 166 1156 ζομεν.
203 1065 267 1136 κάν
294 1068 356 1156 μέν
383 1066 589 1156 ὑπομείνωσι
611 1066 675 1154 τήν
697 1066 803 1155 ἀκοὴν
827 1067 890 1156 τὴν
913 1068 991 1159 σήν,
1024 1066 1119 1138 έπλῙ)

58 1175 112 1242 σολ
140 1172 178 1242 τὸ
205 1183 318 1263 κρῖναι
345 1174 420 1262 περὶ
451 1175 576 1258 αὐτῶν,
608 1178 639 1242 εί
664 1176 719 1244 καλ
747 1173 831 1263 πρὸς
853 1174 932 1255 ’τοὺς
955 1174 1077 1256 ἀλλους

18 1308 44 1346 10
58 1280 122 1347 είσλ
144 1279 314 1367 πτήσιμοι·
340 1284 370 1347 εί
392 1279 430 1348 δὲ
452 1278 509 1367 μή,
532 1282 635 1368 ῥῖψον
658 1281 727 1349 έκεῖ
746 1280 899 1369 καθάπερ
922 1287 1076 1351 Μουσῶν

57 1385 269 1474 ἀλλοτρίους,
305 1382 327 1474 ἢ
359 1389 496 1478 ποταμῷ
528 1384 655 1454 κλάσον
687 1385 731 1467 ῶς
762 1386 899 1467 νόθους.
944 1388 1077 1469 πάντως

58 1492 140 1563 οὐδὲ
169 1491 321 1582 ὂῬῆνος
348 1490 460 1561 ἀὸικεί
477 1490 558 1572 τοάς
580 1492 745 1581 Κελτούς,
778 1489 815 1574 ὃς
837 1492 877 1562 τά
900 1494 962 1582 μὲν
985 1495 1076 1563 νόθα
1090 1509 1116 1550 ²2
1173 1562 1175 1565 ,

57 1606 127 1671 τῶν
158 1605 294 1690 βρεφῶν
325 1599 515 1688 ὑποβρύχια
547 1611 619 1679 ταῖς
651 1599 761 1679 δίναις
787 1615 892 1687 ποιεῖ,
924 1601 1076 1685 καθάπερ

57 1706 245 1791 ἀκολάστου
269 1707 385 1793 λέχους
406 1703 551 1793 τιμωρὸς
573 1707 724 1793 πρέπων·
749 1703 811 1774 ὅσα
835 1704 868 1772 δ’
889 1702 933 1774 ἀν
952 1707 1074 1797 ἐπιγνῷ

20 1835 44 1876 15
58 1816 216 1902 καθαροῦ
238 1814 438 1900 σπέρματος,
461 1809 617 1899 ὑπεράνω
641 1815 703 1879 τοῦ
725 1810 849 1891 ὕδατος
872 1817 997 1901 αίωρεῖ,
1020 1813 1075 1880 καλ

57 1926 97 2010 τῇ
126 1919 225 2007 μητρὶ
252 1917 418 2007 τρεμοάση
446 1918 548 1986 πάλιν
572 1923 618 1997 είς
640 1931 752 2006 χεῖρας
775 1921 932 2005 δίδωσιν,
965 1915 1075 2007 ῶσπερ

57 2023 244 2095 ἀδέκαστόν
257 2050 333 2092 τινα
347 2023 535 2112 μαρτυρίαν
550 2021 634 2113 αὐτῇ
648 2027 810 2112 καθαρῶν
823 2025 878 2092 καλ
894 2020 1126 2112 ἀμέμπτων384

57 2131 177 2220 γάμων
199 2130 262 2218 την
284 2134 345 2199 τοῦ
367 2130 488 2210 παιδὸς
511 2135 680 2218 σωτηρίαν
704 2127 1003 2218 ἀντιδωρούμενος.

216 2259 218 2263 7
300 2289 347 2371 ιζ.
381 2287 600 2369 Ἰουλιανὸς
619 2286 833 2380 Ὀριβασίω

14 2434 41 2478 20
154 2417 230 2494 Τῶν
256 2410 442 2501 ὀνειράτων
470 2413 533 2482 δύο
559 2412 667 2492 πάλας
694 2411 784 2481 εἶναί
807 2433 912 2500 φησιν
939 2411 957 2482 ὁ
981 2419 1076 2492 θεῖος
1159 2409 1162 2413 ’

46 2521 210 2609 Ὅμηρος,
223 2521 280 2588 καὶ
303 2518 472 2608 διάφορον
495 2517 582 2588 εἶναι
606 2516 798 2599 αὐτοῖςκαὶ
820 2520 883 2608 τὴν
905 2517 990 2609 ὑπὲρ
1006 2523 1075 2589 τῶν

56 2627 323 2715 ἀποβησομένων
345 2632 468 2696 πίστιν.
513 2625 577 2712 ἐγὼ
602 2625 640 2693 δὲ
663 2632 785 2713 νομίζω
810 2646 847 2695 σε
870 2632 951 2713 νῦν,
984 2636 1116 2714 είπερΒ

55 2733 137 2803 ποτὲ
164 2735 220 2801 καὶ
246 2731 379 2832 άλλοτξ,
412 2736 528 2820 σαφῶς
555 2733 727 2819 ἑορακέναι
750 2733 825 2821 περὶ
847 2737 916 2801 τῶν
938 2736 1075 2821 μελλόν-

126 2900 143 2947 4
171 2887 285 2947 άκτίσιν
304 2894 329 2946 V
403 2896 424 2972 ὅἱ
447 2871 580 2974 ἀληθρῦξ
606 2893 678 2972 yet
696 2893 796 2973 reliqui
813 2894 878 2972 lipri
896 2899 1002 2948 tantum
1019 2914 1075 2948 non

55 2962 159 3028 omnes]
180 2957 299 3030 ἀληθῶς
359 2964 376 3015 8
393 2979 448 3027 την
466 2977 560 3027 ακοην
579 2977 633 3026 την
652 2956 718 3027 σὴν]
739 2977 793 3027 την
812 2975 866 3026 σην
885 2956 991 3015 ἀκτῖνα
1009 2966 1073 3016 Bar.

54 3032 421 3085 Heidelb.356Vat.1353
443 3031 496 3080 Pbi
564 3029 662 3079 8et9
688 3020 736 3080 ἐπὶ
755 3026 800 3079 σολ
817 3026 852 3095 V]
876 3021 927 3081 έπί
942 3045 987 3082 σοι
1058 3035 1073 3083 9

36 3100 157 3166 »κρίναι
174 3100 199 3150 V
269 3103 301 3151 10
319 3094 419 3166 ὁῖψον]
443 3092 532 3163 όίψον
565 3095 569 3159 Ι
602 3087 666 3147 ἐκεῖ
684 3111 738 3176 σιμ.
757 3096 816 3175 Pb3
842 3097 972 3158 „Videtur
990 3099 1074 3151 ditto-

54 3168 174 3236 graphia
192 3163 283 3218 esse“.
304 3167 390 3218 Ητολι
455 3168 486 3218 13
505 3167 568 3223 ταῖς
588 3160 685 3224 δίναις
703 3163 868 3229 υποβρυχια
887 3181 901 3216 e
919 3164 998 3217 libris
1016 3169 1074 3219 suis

56 3238 172 3302 scripsit
189 3234 293 3299 fflyler
319 3235 323 3298 Ι
350 3237 433 3287 ποιεῖ
446 3233 519 3284 idem
538 3249 552 3282 ο
570 3231 651 3282 libris
669 3233 727 3283 suis
745 3232 859 3296 scripsit
872 3248 927 3298 μου
944 3229 1052 3297 πέμπει
1068 3236 1071 3298 λ

53 3294 177 3356 καθάπε
201 3305 273 3353 -14
282 3299 409 3368 πρέπων]
419 3303 487 3353 Lex.
496 3300 578 3351 Vind.
589 3316 615 3364 p.
629 3301 722 3362 151,19
744 3301 790 3349 -19
808 3289 946 3378 ὁριβασίρ
964 3302 989 3352 V
1005 3317 1073 3366 ωας.

55 3370 138 3438 Gom]
168 3363 177 3384 '
202 3368 338 3438 ρειβασίῳ
411 3372 445 3421 20
472 3363 526 3421 δύο
545 3369 570 3419 V
587 3373 667 3421 mart.
687 3364 713 3432 1]
746 3360 808 3417 δάω
881 3371 913 3419 21
945 3367 1073 3436 Ομηρος]

54 3440 156 3504 odyss.
176 3456 205 3503 τ,
224 3439 274 3489 562
343 3441 376 3488 22
395 3442 424 3489 et
441 3439 474 3488 33
494 3435 575 3500 είπερ
593 3427 663 3486 ποτὲ
681 3431 779 3499 Πτολι]
806 3430 886 3501 είπὲρ
905 3453 984 3509 πρτε.
1040 3439 1073 3488 23

56 3499 212 3574 ἑορακέναι
229 3503 325 3572 Hrch.]
344 3497 506 3572 ἑωρακέναι
