2408 3856
772 136 776 161 ‘
833 121 883 276 “0⁴
928 148 965 197 ¹²·
1038 176 1077 240 15

924 230 928 247 ί
931 237 936 251 ι

106 325 158 380 νος
186 304 256 386 ἔχοι
288 296 329 367 τά
360 299 517 388 κράτιστα
550 304 604 369 καί
636 301 720 392 πρὸς
750 238 1076 383 navtfflf‘ffi.

41 405 222 494 ’ἱδρῶπους
250 400 380 491 ὁμιλεῖν
407 406 555 476 δύναιτο.
592 404 675 478 άλλά
697 406 758 476 τὸν
786 408 846 497 μὲν
875 407 938 478 ούκ
965 413 1076 497 ἐβασί-

35 562 39 563 ⁷
65 519 156 581 λινσε
189 517 352 579 ποικίλων
383 508 482 599 ήθῶν
510 515 678 603 ἐμπειρίας
703 520 809 604 χρεία·
842 513 902 584 τὸν
930 514 968 583 δὲ
994 515 1077 604 πρὸς
1097 541 1133 587 13

33 627 46 716 ιζ
60 616 230 712 τοσαύτην
256 612 439 704 ήγεμονίαν
457 619 666 707 τρεφόμενον
694 617 757 689 ούκ
780 623 817 689 ἐν
845 626 981 712 οἰκίσκῳ
1009 646 1076 690 που

3 728 12 737 ”
38 720 142 817 Ῐιχρήν
175 721 398 792 διδάσκεσθαι
436 721 517 793 ούδὲ
552 724 614 812 τήν
651 733 838 813 βασιλείαν,
870 727 1023 816 καθάπερ
1056 724 1074 796 ὁ

65 831 187 916 Κύρος,
226 833 385 910 παίζοντα
422 841 596 917 μιμεῖσθαι
638 829 719 901 οὐδὲ
758 840 967 921 χρηματίζειν
1007 847 1077 915 τοῖς

32 935 43 1034 ⁵·
65 931 160 1022 ήλιξι,
187 933 342 1021 καθάπερ
376 937 504 1004 ἐκεῖνον
535 938 707 1024 λέγουσιν,
736 935 808 1006 ἀλλ’
838 944 976 1008 ἔθνεσιν
1004 935 1075 1026 ὁμι-

65 1048 128 1110 λεῖν
152 1041 209 1108 καὶ
238 1039 366 1126 δήμοις,
393 1042 449 1109 καί
468 1045 680 1131 στρατιωτῶν
701 1043 866 1132 τάγμασιν
894 1044 1076 1113 ἐπιτάττειν

65 1141 172 1226 ἁπλῶς
198 1144 236 1213 τὸ
265 1147 442 1234 πρακτέον·
475 1145 560 1229 ὅλως
592 1148 630 1216 δὲ
663 1146 804 1230 ούδενός
837 1147 1076 1218 ἀπολείπεσθαι

30 1268 56 1324 α
64 1252 199 1338 τούτων,
227 1242 276 1319 ῶν
295 1253 394 1341 ἐχρήν
413 1250 522 1342 άνδρα
550 1255 733 1342 γενόμενον
752 1252 803 1323 ἐπ’
834 1253 948 1336 άδείας
974 1255 1075 1345 πράτ-

30 1365 38 1404 ·’
65 1385 135 1426 τειν.
174 1353 303 1427 ούκούν
327 1356 438 1444 ἐπειδή
466 1357 507 1427 τά
534 1359 624 1449 παρά
650 1361 781 1442 τούτοις
809 1361 989 1449 ἐδιδάχθης
1016 1379 1115 1430 κα-Β

30 1494 37 1529 :1
64 1467 132 1552 λῶς,
162 1464 217 1532 ἐπὶ
244 1460 306 1550 τήν
325 1464 441 1552 ἑτέραν
468 1463 607 1554 ἤπειρον
626 1465 749 1554 μετιῶν
775 1481 845 1548 τοῖς
863 1473 1076 1556 Παρθυαίων
1145 1506 1149 1514 ’

24 1572 114 1655 ,καί
132 1569 268 1657 Μήδων
287 1573 424 1638 ἔθνεσιν
443 1565 647 1660 άντετάχθης
665 1572 777 1660 μόνος.
814 1568 1075 1660 ύποτνφομένον

65 1675 96 1744 δὲ
121 1673 189 1763 ήδη
217 1678 279 1743 τού
310 1677 457 1763 πολέμου
484 1678 540 1745 καί
572 1675 634 1746 ούκ
662 1684 708 1760 είς
740 1676 872 1768 μακράν
899 1676 1076 1766 μέλλοντος

1 1794 8 1801 ”
24 1777 347 1872 αάναρριπίζεσθαι,
374 1783 497 1868 ταχέως
514 1785 569 1851 καὶ
588 1784 710 1854 τούτου
737 1786 904 1871 κατέγνως
922 1783 981 1853 τὸν
999 1783 1074 1873 τρό-

20 1901 26 1962 ζ
62 1915 137 1976 πον,
170 1888 228 1956 καί
255 1884 317 1975 τήν
344 1889 412 1955 τῶν
444 1885 557 1957 ὅπλων
585 1889 684 1977 ίσχὺν
716 1890 877 1978 ἐμιμήσω,
910 1891 966 1959 καὶ
993 1888 1076 1979 πρὸς

15 2018 18 2070 J
61 1993 118 2082 τήν
152 1991 248 2082 ῶραν
278 1994 339 2061 τοί
374 1995 499 2082 θέρους
535 2003 666 2076 είθισας
696 2010 869 2083 καρτερεῖν
900 1993 938 2062 τὸ
972 1998 1075 2081 σῶμα.

16 2149 24 2169 ,ι
61 2099 279 2186 πυνθάνομαι
307 2097 345 2167 δέ
360 2094 573 2187 Ἀλκιβιάδην
595 2101 704 2188 μόνον
732 2103 764 2181 ἐξ
792 2095 950 2168 ἁπάντων
964 2094 1075 2186 Ἑλλή-

8 2266 17 2298 ,
60 2233 129 2275 νων
158 2201 267 2286 ούτως
299 2201 435 2292 εύφνῶς
466 2205 649 2294 μεταβολάς
677 2209 839 2292 ἐνεγκεῖν,
868 2201 913 2286 ῶς
939 2206 995 2273 καί
1022 2220 1114 2293 μι-Ο

23 2323 48 2386 οἶα
59 2313 234 2400 μήσασθαι
275 2310 445 2400 (πρῶτον)
487 2311 548 2398 μέν
588 2311 651 2400 τήν
691 2315 759 2381 τῶν
799 2316 1075 2399 Λακεδαιμονίων

6 2426 10 2428 ’
59 2418 265 2508 ἐγκράτειαν,
292 2415 408 2505 ἐπειδὴ
426 2417 652 2507 Σπαρτιάταις
679 2414 784 2487 αὑτὸν
813 2418 978 2503 ἐδεδώκει,
1006 2415 1075 2484 εἶτα

9 2529 45 2616 J
60 2529 248 2612 Θηβαίους,
280 2524 337 2590 καί
370 2526 504 2614 Θρᾷκας
533 2522 691 2614 ὕστερον,
724 2525 781 2592 καὶ
812 2526 866 2593 ἐπί
897 2525 982 2592 τέλει
1013 2521 1075 2608 τήν

50 2633 126 2699 ’τῶν
153 2630 300 2718 Περσῶν
327 2629 469 2719 τρυφήν.
506 2626 578 2698 ἀλλ’
609 2632 734 2710 ἐκεῖνος
761 2628 823 2716 μὲν
845 2643 915 2709 τοῖς
942 2634 1076 2717 χωρίοις

59 2733 345 2826 συμμεταβάλλον
371 2736 426 2804 καί
454 2734 515 2804 τὸν
542 2734 667 2826 τρόπον
699 2732 923 2823 ἀνεπίμπλατο
951 2736 1076 2820 πολλής

10 2870 49 2923 α
60 2846 257 2930 δυσχερείας
282 2839 394 2909 καὶτὸ
413 2841 556 2931 πάτριον
579 2841 771 2910 ἐκινδύνευε
798 2842 966 2920 παντελῶς
994 2836 1074 2907 άπο-

6 2935 9 2940 ’
59 2954 191 3034 βαλεῖν,
220 2943 264 3013 σύ
293 2946 330 3013 δὲ
358 2949 415 3034 τής
442 2946 503 3035 μὲν
535 2949 717 3038 ἐγκρατοῦς
744 2937 873 3035 διαίτης
905 2943 975 3037 ῶου
1003 2949 1076 3012 δεῖν

5 3113 25 3219 Ξ,
128 3145 199 3203 ῖτδ
217 3146 271 3218 μὲν
288 3152 321 3201 V.
357 3152 449 3203 Locus
473 3155 618 3218 corruptus
642 3153 760 3203 fortasse
783 3152 824 3202 ita
841 3147 1004 3226 scribepdus
1021 3151 1074 3198 est:
1124 3164 1126 3167 ·

3 3224 38 3282 'j
59 3215 111 3280 τὸν
132 3215 186 3286 μὲν
209 3211 263 3271 ούκ
286 3213 442 3271 ἐπαίδευσε
466 3216 604 3271 ποικίλων
625 3212 710 3286 ήθῶν
732 3211 865 3284 ἐμπειρία
887 3230 958 3280 προς
976 3213 1076 3280 χρείαν

2 3289 76 3377 ‚322⁸
98 3284 201 3355 χρείαν
222 3288 247 3339 V
322 3289 338 3338 ὅ
360 3285 434 3353 χρῆν
455 3284 496 3352 Η]
521 3279 608 3354 ἐχρῆν
682 3289 698 3337 6
721 3281 807 3353 κάρος
829 3284 902 3345 VM,
930 3288 961 3333 ut
984 3282 1076 3333 solent

3 3371 75 3469 ῘΞῚ
92 3371 272 3472 ήλιξίνβιίο)
292 3405 317 3456 V
388 3407 421 3456 10
443 3401 546 3456 τούτον
564 3391 605 3458 ὧν
622 3406 648 3457 V
712 3405 752 3454 -20
773 3398 887 3469 πρῶτον
905 3399 967 3452 αδδ.
986 3398 1077 3477 Ophe-

47 3474 106 3539 ,ῖιω
127 3471 133 3539 Ι
151 3471 208 3525 τῶν
225 3469 472 3538 Λακεδαιμονίων
489 3470 523 3538 V]
541 3467 783 3536 Λακεδαιμονίων
851 3472 884 3521 25
907 3461 1076 3521 ἐκινδύνευε

17 3547 33 3609 j
60 3535 127 3606 W]
144 3533 335 3615 ἐκινδύνευσε

2 3654 8 3681 ί
15 3657 22 3684 δ’
203 3673 205 3675 »
