2436 3870
139 162 204 227 380
441 158 585 211 IULIANI
604 157 853 210 IMPERATORIS

139 292 324 379 προφῆται,
361 295 514 380 χρηιδίοις
550 303 692 378 ψυχροῖς
725 284 926 376 ὁμιλοῦντες.
977 285 1080 357 οῦδὲν
1116 287 1149 356 δὲ

139 394 232 483 οἶμαι
269 395 390 464 κωλύει
426 393 487 464 τὸν
518 395 579 483 μὲν
610 393 695 463 θεὸν
731 391 819 462 εἶναι
855 395 975 482 μέχαν,
1014 392 1057 463 οῦ
1089 393 1150 483 μὴν

140 506 336 571 σπουδαίων
362 504 545 591 προφητῶν
574 497 654 569 οῦδὲ
682 501 850 588 ἐξηγητῶν
876 514 999 587 τυχεῖν.
1046 510 1150 569 αίτιον

141 610 188 693 δέ,
217 605 268 675 ὅτι
295 605 357 695 τὴν
385 608 514 676 ἑαυτῶν
541 605 653 694 ψυχὴν
682 603 723 674 οῦ
742 607 910 695 παρέσχον
937 604 1150 696 ἀποκαθῆραι

139 727 209 793 τοῖς
246 715 432 798 έχκυκλίοις
468 711 664 802 μαθήμασιν
702 708 782 780 οῦδὲ
818 709 948 793 ἀνοῖξαι
986 712 1174 800 μεμνκόταε

139 825 216 886 λίαν
246 818 287 887 τά
320 817 450 908 ὅμματα
488 816 569 888 οὐδὲ
601 816 815 907 ἀνακαθηραι
851 816 914 905 τὴν
946 821 1152 906 ἐπικειμένην

87 921 260 1005 οοςαῦτοῖς
287 923 409 1013 ἀχλύν,
441 922 513 994 ἀλλ’
549 919 623 993 οἷον
655 927 728 1012 φῶς
760 926 844 1012 μέγα
876 921 921 992 δι’
952 921 1091 1013 ὁμίχλης
1121 927 1154 992 οί

140 1027 316 1120 ἅνθρωποι
352 1033 530 1119 βλέποντες
566 1027 608 1099 οῦ
644 1033 804 1120 καθαρῶς
839 1027 921 1098 οῦδὲ
958 1033 1151 1121 εἰλικρινῶς,

140 1132 223 1204 αὐτὸ
253 1136 290 1205 δὲ
318 1139 425 1206 έκεῖνο
444 1136 655 1225 νενομικότες
682 1133 758 1223 οῦχὶ
777 1138 849 1222 φῶς
877 1137 1045 1225 καθαρόν,
1074 1133 1152 1205 ἀλλά

139 1244 218 1330 πῦρ,
230 1251 232 1254 ’
245 1243 301 1309 καὶ
328 1246 397 1309 τῶν
415 1243 490 1332 περὶ
509 1239 591 1310 αὐτὸ
611 1241 746 1310 πάντων
770 1239 868 1328 ,ὄντες
891 1239 1031 1311 ἀθέατοι
1050 1245 1152 1331 βοῶσι
1165 1269 1185 1307 ιο

140 1346 241 1473 μέχα·
288 1352 461 1436 Φρίττετε,
498 1354 677 1435 φοβεῖσθε,
722 1350 805 1437 πῦρ,
851 1347 949 1434 φλόξ,
995 1349 1152 1433 θάνατος,

140 1450 300 1578 μάχαιρα,
333 1455 498 1540 ῥομφαία,
530 1462 666 1534 πολλοῖς
693 1450 835 1581 ρνόμασι
868 1459 948 1542 μίαν
977 1452 1152 1542 ἐξηγούμε-

140 1583 196 1624 νοι
227 1583 288 1644 την
316 1553 501 1646 βλαπτικὴν
532 1562 593 1628 τοῦ
625 1557 732 1649 πυρὸς
765 1560 919 1647 δύναμιν.
965 1557 1039 1629 ἀλλ’
1072 1557 1153 1646 ὑπὲρ

141 1661 202 1750 μὲν
229 1663 359 1733 τούτων
391 1669 462 1756 ίδίηι
490 1668 622 1753 βέλτιον
649 1685 874 1755 παραστησαι,
902 1665 997 1758 πόσφ
1026 1665 1153 1754 φαυλο-

101 1788 123 1840 Β
143 1795 231 1858 τεροι
258 1773 326 1838 τῶν
353 1767 431 1861 παρ’
463 1762 604 1860 ἡμῖν
562 1798 655 1840 ουτοι
682 1771 841 1858 γεγόνασι
868 1734 1018 1859 ποιητῶν
1038 1777 1074 1840 οί
1089 1775 1154 1840 τῶν
1168 1796 1187 1836 15

141 1869 224 1963 ὑπὲρ
251 1879 314 1944 τοῦ
339 1880 425 1946 θεοῦ
452 1877 562 1965 λόγων
590 1876 795 1946 διδάσκαλοι.

222 1983 391 2071 Προσήκει
423 1982 461 2052 δὲ
489 1980 531 2051 οῦ
558 1980 598 2051 τά
625 1985 693 2051 τῶν
724 1986 818 2052 θεῶν
849 1982 956 2071 μόνον
984 1980 1155 2072 ἀγάλματα

141 2103 355 2175 προσκυνεῖν,
383 2086 466 2158 ἀλλά
493 2090 550 2158 καὶ
575 2087 656 2170 τοῦς
673 2086 779 2170 ναοῦς
807 2090 863 2158 καὶ
889 2087 930 2156 τὰ
957 2091 1076 2177 τεμένη
1100 2091 1157 2158 καὶ

141 2190 221 2273 τοῦς
249 2193 396 2281 βωμούς·
426 2192 569 2282 εῦλοχον
596 2195 634 2263 δὲ
661 2195 715 2263 καλ
744 2193 824 2276 τοῦς
852 2196 958 2285 ἱερέας
984 2199 1085 2283 τιμᾶν
1114 2191 1157 2276 ῶς

141 2297 356 2386 λειτουργοὺς
392 2303 485 2369 θεῶν
521 2302 577 2369 καὶ
618 2296 784 2390 ὑπηρέτας
819 2302 875 2369 καὶ
912 2304 1190 2381 διακονοῦνταςιο

141 2398 222 2489 ἡμῖν
257 2402 298 2470 τά
335 2404 418 2494 πρὸς
453 2405 532 2486 τοῦς
568 2407 690 2492 θεούς,
727 2406 1012 2494 συνεπισχῦοντας
1049 2410 1090 2496 τῇ
1123 2411 1158 2475 ἐκ

102 2510 234 2580 Οθεῶν
266 2513 313 2589 είς
339 2506 425 2598 ἡμᾶς
456 2515 525 2580 τῶν
553 2510 694 2600 ἀμαθῶν
727 2512 831 2580 δόσει·
865 2511 1058 2601 προθύουσι
1093 2512 1158 2602 χάρ

141 2612 278 2681 πάντων
309 2616 365 2683 καὶ
397 2611 664 2707 ῦπερεύχονται.·
692 2622 825 2687 δίκαιον
859 2609 922 2686 οῦν
954 2615 1159 2687 ἀποδιδόναι

141 2722 245 2788 πᾶσιν
273 2717 388 2802 αῦτοῖς
416 2720 478 2792 οὐκ
506 2729 657 2811 ἔλαττον,
685 2728 716 2791 εί
741 2719 786 2812 μὴ
814 2725 870 2792 καὶ
897 2725 1010 2810 πλέον,
1038 2721 1060 2812 ἢ
1088 2739 1158 2804 τοῖς

49 2833 53 2842 ’
141 2834 322 2906 πολιτικοῖς
350 2825 492 2918 ἀρχουσι
517 2828 576 2910 τάς
593 2828 696 2917 τιμάς.
734 2835 765 2897 εί
791 2831 831 2897 δέ
855 2856 905 2909 τις
923 2839 1027 2898 οίεται
1054 2834 1189 2899 τοῦτου

141 2929 193 3001 ἐπ’
228 2942 302 3020 ίσης
333 2936 453 3024 χρῆναι
485 2937 598 3023 νέμειν
630 2932 745 3016 αὐτοῖς
776 2936 833 3003 καὶ
864 2950 935 3016 τοῖς
972 2944 1155 3017 πολιτικοῖς

231 3187 244 3234 1
276 3184 409 3256 χρηιδίοις
438 3186 537 3265 scripsi
566 3201 614 3250 pro
643 3183 789 3266 χραῖδίοις
826 3183 842 3266 Ι
868 3179 959 3238 οῦδεν
987 3183 1032 3252 Η]
1066 3181 1159 3238 οῦθδν

140 3235 369 3330 4ἀποχαθῇροιι
392 3250 447 3335 Η]
466 3245 657 3332 ἀποκαθᾶραι
687 3244 891 3334 (ἀποκαθάραι
916 3253 956 3318 V)
1043 3256 1059 3304 5
1087 3247 1159 3305 οῦδὲ

140 3318 167 3366 Η
212 3309 281 3370 οῦτε
383 3324 398 3372 6
429 3312 619 3403 ἀνακαθηραι
647 3318 689 3385 Η]
724 3314 917 3402 ἀνακαθᾶραι
947 3312 1159 3400 (ἀνακαθάραι

141 3387 164 3435 V
253 3389 283 3436 11
307 3382 381 3452 μέγα
405 3385 486 3452 Cob]
509 3383 621 3468 μεχοίλοι
708 3390 739 3438 15
761 3377 843 3440 οὗτοι
866 3385 938 3453 Pet]
964 3378 1040 3439 οῦτοι
1126 3391 1161 3438 24

142 3446 232 3568 ὧθμὸᾖ
263 3452 312 3504 κοιλ
343 3454 383 3520 Η]
416 3452 444 3506 εί
473 3453 522 3506 καλ
551 3449 600 3523 μή.
641 3455 746 3506 Eodem
775 3456 854 3506 modo
884 3455 1086 3507 emendandum
1116 3460 1159 3506 est
