2422 3862
435 159 613 210 EPISTOLA
634 135 700 226 μη.
848 154 850 157 ·
1015 159 1079 223 509
1175 224 1177 229 ,

64 291 216 379 γράφων,
231 291 345 379 ’μάθοι
369 291 413 361 ἀν
433 321 484 372 τις
504 297 648 381 θεωρῶν
669 297 756 382 τῇδε.
802 295 857 362 καὶ
881 291 943 363 οὐκ
966 292 1078 380 ἀγνοῶ

63 397 126 483 μὲν
157 395 202 476 τός
233 403 396 468 παλαιῶν
417 401 473 468 ’καλ
506 403 624 486 σοφῶν
655 397 791 486 ἀνδρῶν
819 398 837 468 ὁ
867 399 982 486 λόγος,
1017 404 1079 468 τοῦ

63 503 182 593 ἀρτίου
203 503 265 572 τὸν
283 506 439 595 περιττὸν
456 515 666 595 προκεῖσθαι,
689 504 769 574 οὐδὲ
788 504 833 585 ὥς
851 503 957 593 ἀρχήν
974 525 1080 593 φασιν

63 608 233 698 αὐξήσεως
256 611 403 681 εἶναιτὸ
426 611 471 700 μή
495 612 700 694 συνδυάζον·
723 611 760 680 τὸ
784 612 848 702 γὰρ
865 612 994 700 όμοιον
1016 622 1079 680 δα·
1098 626 1121 679 Β

34 719 147 807 ττέρφ
174 721 289 804 μένειν
317 718 436 788 ὁκοῖον
462 719 578 788 καὶτὸ
601 721 732 807 ἕτερον,
764 723 863 788 δυοῐΐν
887 720 923 788 δὲ
946 723 1079 808 γενομέ-

63 847 141 891 νοιν
162 822 225 892 τὸν
247 833 361 912 τρίτον
385 825 472 894 εἶναι
494 824 557 912 τήν
579 824 807 912 περιττότητα·
831 823 895 910 ἐγὼ
921 821 952 892 δ’
973 825 1027 912 ἀν,
1051 832 1081 894 εί

62 929 118 994 καὶ
145 931 388 1019 τολμηρότερος
416 929 433 998 ὁ
463 930 563 1018 λόγος
590 933 674 1015 ἐστί,
705 936 813 1018 φαίην
835 929 933 1016 ὅμως.
977 927 1081 1018 ἀρχῆς
1094 962 1120 1002 τε

62 1035 125 1122 μὲν
162 1043 249 1105 εἰσιν
285 1043 322 1106 οί
355 1035 495 1124 ἀριθμοὶ
527 1037 660 1117 πάντως
691 1037 934 1127 ἐξηρτημένοι,
955 1038 1010 1105 καὶ
1041 1037 1079 1106 τὸ

62 1143 221 1230 προσεχὲς
256 1147 315 1230 τής
350 1139 520 1229 αὐξήσεως
556 1142 612 1210 διά
644 1142 768 1222 παντὸς
799 1139 842 1210 ἀν
866 1148 1078 1228 κομίζοιντο·

20 1275 50 1315 10
63 1254 179 1340 πολλῷ·
203 1276 241 1336 γε
268 1249 337 1337 μήν
360 1247 453 1337 οἶμαι
481 1249 691 1336 δικαιότερον
713 1253 759 1341 τῷ
783 1246 885 1340 ἀρτίφ
908 1247 1079 1337 μᾶλλονή

63 1359 109 1445 τῷ
137 1359 277 1446 περιττῷ
300 1354 363 1442 τήν
385 1358 444 1442 τῆς
466 1351 634 1441 αὐξήσεως
657 1360 769 1423 αἰτίαν
789 1365 1019 1441 προσκεῖσθαι.
1061 1356 1078 1425 ὁ

65 1460 127 1546 μὲν
154 1461 218 1547 γὰρ
247 1458 293 1540 εἷς
315 1459 470 1551 ἀριθμὸς
485 1457 547 1528 οὐκ
569 1456 613 1528 ἀν
636 1470 686 1547 είη
709 1459 876 1548 περιττός,
909 1457 971 1528 οὐκ
994 1467 1119 1548 ἔχωυῦ

65 1559 147 1634 ότου
170 1567 320 1653 περιττὸς
336 1569 484 1654 γίνοιτο·
508 1565 529 1654 ή
549 1568 587 1635 δὲ
604 1572 664 1654 τῆς
681 1567 808 1646 δυάδος
824 1573 963 1652 συζυγία
980 1575 1081 1636 τίκτει

19 1671 21 1677 ’
65 1676 188 1760 δικλήν
215 1671 279 1759 τήν
304 1676 534 1762 περιττότητα,
567 1669 630 1741 κάκ
656 1676 725 1741 τῶν
751 1677 851 1740 δυοῖν
878 1670 1034 1759 ἀριθμῶν
1061 1673 1080 1742 ὁ

21 1803 50 1843 15
63 1786 174 1868 τρίτος
202 1779 337 1860 εἰκότως
365 1786 412 1860 είς
438 1781 581 1869 ἀὔξησιν
608 1785 745 1868 ἔρχεται.
789 1781 892 1848 πάλιν
918 1804 953 1847 τε
980 1782 1018 1846 ἐν
1039 1784 1080 1868 τη

63 1890 122 1972 τής
150 1886 262 1974 ἑτέρας
290 1885 417 1965 δυάδος
442 1889 527 1973 μίξει
555 1890 614 1972 τής
639 1884 797 1974 τετράδος
823 1884 885 1972 τήν
912 1882 1080 1972 ὑπεροχήν

64 1990 239 2078 λαμβάνει,
271 1991 328 2057 καὶ
355 1989 442 2071 ὅλως
470 1990 487 2059 ί
523 1993 606 2079 πρὸς
628 1991 755 2078 ἀλληλα
777 1998 939 2060 κοινωνία
960 1990 1024 2077 τήν
1047 1993 1081 2072 ἐξ

64 2099 221 2186 ἑκατέρου
253 2096 468 2184 περιττότητα
500 2107 670 2185 φαίνουσα
702 2103 749 2176 είς
780 2096 840 2165 τὸν
868 2101 927 2182 τής
956 2096 1082 2175 δυάδος

24 2287 27 2291 ¹
64 2201 221 2292 ἀριθμὸν·
245 2209 471 2288 περικλείεται.
517 2206 702 2291 δεδομένου
735 2202 776 2291 δή
804 2201 942 2287 τούτου,
974 2209 1081 2289 φαίην

22 2334 51 2373 το
64 2307 108 2379 ἀν
144 2308 237 2395 οἶμαι
276 2311 335 2395 τής
365 2308 498 2397 πραότης
528 2308 691 2389 δεκάδος“
704 2308 767 2398 τήν
798 2315 850 2390 είς·
876 2307 958 2378 αὐτὸ
991 2332 1081 2394 κτερι-

64 2419 204 2506 φίρειαν
221 2412 477 2503 ἀνακυκλούσης
491 2421 538 2496 είς
549 2415 611 2484 τὸν
625 2420 683 2502 τής
696 2416 917 2496 ἕκατοντάδος
931 2412 1081 2503 ἀριθμὸν
1100 2427 1123 2479 D

27 2549 29 2554 ·
63 2523 101 2592 τὸ
130 2522 212 2592 ὅλον
239 2526 444 2608 διαβαίνειν,
476 2521 521 2603 ὡς
547 2528 592 2615 τῷ
620 2524 682 2611 μὲν
712 2524 763 2591 ἑνὶ
789 2523 853 2610 τήν
875 2522 1017 2611 αὔξησιν
1039 2519 1083 2590 ἀν

64 2635 113 2709 είς
135 2631 215 2696 δέκα
238 2634 437 2714 συντείνειν,
460 2629 562 2697 πάλιν
581 2626 613 2697 δ’
630 2621 675 2697 αὖ
692 2628 756 2715 τήν
774 2628 899 2697 δεκάδα
917 2627 963 2696 δι’
980 2626 1082 2715 αὐτῆς

65 2734 231 2804 ἀνιοῦσαν
254 2740 302 2814 είς
323 2736 385 2803 τὸν
407 2737 502 2828 (τῷν)
526 2734 645 2805 ἑκατὸν
668 2732 1081 2823 ἀριθμὸνσυυτελεῖσθαι.

135 2959 325 3051 1ἀγνοάνν
366 2959 520 3086 ὲτλτὸγ..
530 2983 636 3032 ,μονον
655 2969 678 3016 V
735 2960 820 3020 6τον
837 2966 991 3034 τρίτον
1003 2984 1081 3049 την

64 3037 90 3087 V
105 3026 191 3102 16⁹*
176 3053 214 3088 αν
230 3029 389 3099 Ητοὶιήδὲ.
417 3035 491 3098 Ego,
509 3038 541 3084 ut
558 3035 644 3085 tacite
663 3036 791 3115 Heyler
783 3051 813 3084 m
831 3037 1024 3098 annotatione,
1044 3053 1082 3087 αν

65 3109 131 3172 post
148 3103 243 3169 φαίην
261 3102 312 3168 (vs.
333 3100 404 3167 12)·
396 3116 566 3152 ιιιεετοετιω
635 3105 698 3155 'let
716 3106 732 3155 8
750 3094 810 3154 ἀ..
863 3097 917 3167 μὲν
935 3105 960 3154 V
1015 3103 1081 3155 9δι

66 3209 150 3226 .....
162 3171 326 3250 κομίζοιντο
344 3171 378 3230 V,
402 3161 438 3220 ἀν
457 3168 559 3220 adiecit
577 3170 701 3222 Sintenis
770 3174 802 3222 10
820 3120 901 3236 ολμαι
919 3172 957 3252 ῌ]
978 3165 1079 3236 εἷναιλ

65 3238 104 3291 τά
118 3276 228 3294 .......
241 3230 691 3302 τήνν12κεριωοάκλ
744 3238 877 3292 14δι...
888 3233 1003 3303 ‚71va
1052 3243 1082 3290 15

65 3305 115 3373 τῇ]
134 3323 166 3358 τε
182 3307 207 3358 V
257 3256 343 3356 η17τ
345 3297 391 3371 ἦν]
410 3303 487 3370 τήλ1
557 3305 589 3354 18
632 3304 755 3357 αίνονσα
774 3303 816 3365 εἰς
835 3279 860 3357 V
878 3322 964 3372 parva
982 3306 1082 3357 lacuna

65 3379 131 3425 ante
151 3370 194 3434 είς
210 3373 311 3424 relicta
322 3320 483 3454 (φαίνεται
501 3383 574 3422 ουσα
593 3321 634 3431 sa
643 3371 706 3454 V⁶)]
715 3374 884 3454 φαίνουσα,
902 3370 953 3424 καί
972 3369 1014 3433 είς
1050 3377 1082 3424 19

65 3457 153 3493 τουτο
169 3442 195 3492 V
246 3443 280 3492 22
298 3435 354 3504 τὴν
373 3427 532 3519 αόξηρίν“
515 3456 553 3490 αν
565 3437 598 3505 V]
617 3435 670 3504 τήν
689 3434 812 3517 αὔξησιν
857 3443 890 3491 23
909 3439 928 3491 δ
931 3436 992 3506 ἕνα]
1012 3434 1082 3492 δέον

65 3511 90 3561 V
108 3525 142 3563 m
161 3525 200 3574 pr
217 3508 221 3574 Ι
236 3505 314 3562 δ
382 3511 416 3557 24
433 3501 485 3558 τὸν
503 3523 559 3564 των
577 3504 673 3572 Hrch.]
692 3504 743 3558 τὸν
