2416 3864
306 169 485 220 EPISTOLA
503 170 552 220 AD
570 168 812 220 THEMISTIUM.
1013 168 1076 231 335

58 297 192 384 μηχανή
228 292 288 363 τόν
320 296 373 364 ἐπὶ
405 299 467 364 τοῦ
499 295 635 385 Κρόνου
673 294 853 383 λεγόμενον
889 302 981 382 βίον,
1020 299 1118 364 καὶΙ)

59 400 144 470 ὅσον
172 403 208 468 ἐν
236 397 316 489 ήμῐν
349 398 538 483 ἀθανασίας
566 407 688 486 ἔνεστι,
715 400 823 492 τούτῳ
851 405 1075 489 πειθομένους

59 513 207 597 δημοσίᾳ
245 508 301 575 καὶ
335 513 406 597 ίδίιχι
442 507 500 589 τάς
531 535 566 576 τε
599 507 744 594 οἰκήσεις
780 508 835 575 καὶ
868 506 927 588 τὰς
963 507 1075 589 πόλεις

61 619 218 698 διοικεῖν,
246 612 308 700 τήν
335 617 397 681 τού
425 617 489 681 νοῦ
518 613 682 702 διανομήν
710 611 934 701 ὀνομάζοντας
960 613 1075 700 νόμον.

33 726 95 790 τεί
126 718 165 789 δὲ
197 716 377 808 άνθροιπος
408 713 455 800 εἷς
482 716 503 807 ή
536 717 708 809 ὀλιγαρχία
740 740 790 800 τις
817 715 836 806 ή
871 726 1075 808 δημοκρατία

19 887 32 918 ,
59 823 174 913 ψυχήν
201 830 324 912 ἔχουσα
352 822 486 912 ἡδονῶν
505 827 560 893 καὶ
580 828 769 912 ἐπιθυμιῶν
797 822 1000 914 ὀρεγομένην
1019 827 1074 894 καὶ

60 933 275 1020 πληροῦσθαι
302 931 432 1000 τούτων
459 933 623 1018 δεομένην
650 928 741 1018 άρξει
764 929 806 1019 δή
831 931 958 1012 πόλειός
984 958 1076 1012 τινος

60 1034 81 1125 ή
110 1021 508 1124 ίδιῶτουέκαταπατήσας
524 1035 604 1117 τοὺς
631 1036 766 1124 νόμους,
796 1034 858 1105 οὐκ
877 1042 946 1105 ἐστι
971 1057 1075 1124 σωτη-

42 1150 132 1224 ,τίας
161 1142 323 1231 μηχανή.“
368 1143 494 1231 ταύτην
521 1143 585 1228 ἐγεό
604 1163 658 1212 σοι
684 1141 746 1230 τήν
765 1146 864 1232 ῥῆσιν
891 1144 1077 1230 ἐξεπίτηδες

22 1279 46 1317 ιο
61 1247 144 1336 ὅλην
185 1251 404 1338 παρέγραψα,
450 1249 494 1337 μή
534 1276 574 1336 με
614 1250 765 1318 κλέπτειν
806 1245 977 1336 ὑπολάβῃς
1013 1250 1128 1320 καλλῠθ
1195 1310 1204 1333 ,

60 1369 264 1443 κακουργεῖν
290 1355 425 1441 μύθους
452 1352 613 1444 ἀρχαίους
639 1357 864 1444 προφέροντα,
892 1353 995 1442 τυχὸν
1015 1355 1076 1442 μὲν
1159 1364 1167 1386 '

62 1463 224 1550 ἐμφερῶς,
253 1458 295 1529 ού
322 1459 390 1548 μήν
417 1458 552 1548 άληθῶς
579 1461 687 1548 πάντη
716 1463 958 1547 ξυγκειμένους.
1001 1458 1073 1530 ἀλλ’

62 1564 81 1635 ὅ
109 1594 148 1652 γε
175 1563 305 1654 ἀληθής
335 1563 419 1656 ὑπὲρ
452 1563 564 1636 αὐτῶν
596 1567 695 1651 λόγος
726 1573 761 1634 τί
791 1586 911 1654 φησιν;
944 1564 1077 1648 ἀκούεις

8 1690 11 1693 “
62 1669 124 1759 ὅτι,
152 1668 216 1741 κάν
244 1670 426 1762 άνθριοπός
451 1700 502 1754 τις
528 1663 549 1761 ᾖ
575 1676 616 1762 σή
644 1671 755 1759 φύσει,
783 1683 881 1741 θεῖον
908 1670 995 1740 εἶναι
1013 1672 1074 1761 χρή

23 1806 48 1847 15
60 1781 102 1867 σή
133 1781 324 1867 προαιρέσει
356 1780 412 1847 καὶ
445 1783 604 1866 δαίμονα,
640 1781 709 1846 πάν
745 1775 857 1859 ἀπλως
893 1778 1076 1865 ἐκβαλόντα

25 1907 32 1919 ·
61 1882 99 1952 τὸ
141 1880 273 1973 θνητόν
313 1886 368 1953 καὶ
408 1887 578 1973 θηριῶδες
618 1888 676 1972 τής
716 1887 843 1972 ψυχῆς,
884 1882 971 1972 πλήν
1013 1881 1111 1954 όσαΒ

63 1986 193 2077 ἀνάγκη
223 1989 279 2058 διά
306 1988 368 2078 τήν
395 1994 457 2059 τοῦ
484 1990 636 2077 σώματος
663 1991 865 2079 παραμένειν
893 1996 1077 2078 σωτηρίαν;

62 2099 168 2163 ταῦτα
196 2105 229 2164 εί
252 2123 301 2176 τις
334 2099 463 2165 ἐννοῶν
495 2098 647 2165 δέδοικεν
674 2097 727 2164 ἐπὶ
759 2099 957 2183 τηλικοῦτον
985 2095 1077 2164 ἑλκό-

63 2229 163 2289 μενος
181 2209 269 2288 βίον,
289 2194 354 2291 ἀρά
373 2222 428 2271 σοι
447 2210 602 2289 φαίνεται
619 2200 681 2290 τήν
697 2199 925 2290 Ἐπικούρειον
942 2201 1076 2289 θαυμά-

27 2336 51 2376 εο
65 2315 131 2391 ζειν
164 2305 428 2396 ἀπραγμοσύνην
458 2309 514 2376 καὶ
550 2306 630 2388 τοὺς
667 2307 794 2395 κήπους
830 2309 886 2376 καὶ
921 2306 959 2376 τὸ
996 2333 1078 2398 προ-

65 2413 200 2482 άστειον
235 2417 303 2482 τῶν
338 2411 527 2502 Ἀθηναίων
563 2416 619 2483 καί
655 2413 713 2494 τάς
749 2420 913 2503 μυρρίνας
949 2416 1004 2483 καὶ
1041 2412 1078 2483 τὸ

64 2519 270 2609 Σωκράτους
297 2520 479 2608 δωμάτιον;
513 2517 586 2588 ἀλλ’
617 2518 679 2589 οὐκ
707 2526 797 2588 ἔστιν
830 2517 916 2589 ὅπου
944 2547 981 2606 γε
1014 2518 1078 2608 ἐγῶ

64 2629 170 2693 ταῦτα
202 2625 407 2715 προτιμήσας
436 2629 504 2694 τῶν
541 2626 657 2694 πόνων
696 2623 830 2713 ῶφθην.
881 2623 1000 2714 ήδιστα
1036 2624 1079 2694 άν

66 2751 120 2800 σοι
146 2729 226 2812 τοὺς
258 2733 406 2819 ἐμαυτοῦ
435 2732 563 2812 πόνους
591 2734 769 2820 διεξῆλθον
800 2733 856 2800 καὶ
883 2730 923 2798 τά
952 2733 1079 2820 ἐπικρε-

28 2864 52 2904 ιε
65 2839 238 2925 μασθέντα
269 2835 358 2927 παρά
389 2841 457 2906 τῶν
490 2844 599 2925 φίλων
631 2839 687 2906 καί
720 2839 906 2923 ξυγγενῶν,
939 2834 993 2905 ὅτε
1020 2838 1080 2924 τής

65 2940 145 3033 παρ’
175 2939 257 3030 ύμῖν
284 2940 435 3033 ήρχόμην
453 2949 614 3029 παιδείας,
643 2949 834 3031 δείματα,ε
819 2948 851 3009 εί
876 2940 920 3029 μή
945 2941 1119 3031 σφόδραο

133 3119 480 3208 4ἒπονομάζονταςλ
416 3127 488 3177 plat.
557 3120 705 3193 δέχουσιν
723 3128 748 3176 V
770 3122 776 3191 Ι
800 3122 969 3190 είργομένην
987 3126 1012 3175 V
1064 3128 1078 3176 7

65 3195 144 3244 Inter
147 3191 286 3274 δεομέγη
304 3200 332 3244 et
336 3186 429 3275 άρξει
449 3195 518 3244 haec
531 3194 668 3244 adduntur
680 3193 752 3258 apud
764 3192 920 3246 Platonem:
940 3187 1079 3258 στέγουσα

67 3256 101 3313 δέ
120 3253 223 3322 ούδέν,
241 3253 307 3313 ἀλλ’
326 3254 483 3344 ἀνηνύτῳ
482 3259 530 3312 καλ
550 3254 684 3342 ἀπλήστῳ
703 3259 782 3328 κακῷ
802 3252 944 3325 νοσήματι
963 3258 1079 3338 ξυνεχο-

66 3324 160 3410 μένην
229 3331 314 3380 ‘1et8
336 3313 483 3388 πολεως
462 3347 480 3396 η
501 3345 578 3387 τινος
596 3313 716 3379 ίδιύτου
733 3311 807 3378 Psat.
875 3329 892 3378 8
915 3320 1080 3409 καταπατή-

67 3389 160 3457 σας]
148 3413 169 3448 ο
183 3412 313 3455 τοιουτος
331 3397 441 3447 additur
459 3412 502 3461 ap.
521 3396 593 3450 Plat
614 3394 618 3460 Ι
642 3385 795 3460 νόμους]“
781 3409 796 3444 ο
815 3411 868 3446 νυν
887 3390 925 3462 δή
945 3387 1080 3460 ἐλέγομεν

67 3464 130 3516 add.
146 3465 221 3514 Plat.
297 3466 328 3515 10
345 3458 519 3529 παρέγραψα
539 3459 617 3530 Cob.]
638 3453 870 3544 παρεγραψάμην
945 3465 976 3514 19
1001 3472 1028 3514 et
1047 3465 1081 3514 20

67 3524 234 3596 θαυμάζειν
252 3549 291 3583 ων
309 3525 477 3596 ἀπραγμΝ
547 3533 578 3581 21
597 3529 721 3594 μυρίνας
738 3534 762 3584 V
779 3538 835 3596 pet.
905 3533 938 3582 26
956 3529 1081 3626 δείματα
