2416 3864
143 137 207 202 350
442 138 587 190 ιυιιεαι
609 138 859 190 ιιιοεεευοοιε

144 265 181 335 δὲ
213 268 335 354 κομιδῇ
367 263 540 354 μειράκιον
556 330 557 337 ,
572 269 621 333 ἔτι
652 267 721 332 των
754 268 998 335 διδασκαλείων
1031 263 1154 354 ἀπαγα-

1 389 2 399 ’
108 372 267 457 Ογόντες.
303 373 374 451 πως
392 367 435 439 ἀν
462 371 612 439 ἐνταῦθα
630 371 795 458 φράσαιμι
814 373 975 460 περὶτῶν
994 374 1028 454 ἓξ
1049 376 1154 443 ἐνιαυ-

141 481 224 564 τῶν,
257 473 317 557 οὓς
349 479 387 545 ἐν
420 473 582 567 ἀλλοτρίῳ
610 476 749 564 κτήματι
782 477 1015 565 διαγαγόντες,
1050 477 1154 566 ὥσπερ

143 588 179 653 οἱ
202 580 293 672 παρά
319 597 389 664 τοῖς
407 584 553 670 Πέρσαις
581 583 618 650 ἐν
644 597 715 663 τοῖς
741 589 920 671 φρουρίοις
946 585 1154 673 τηρούμενοι,

44 695 46 698 ’
142 688 286 777 μηδενὸς
325 685 407 776 ἡμλν
447 688 646 775 προσιόντος
675 690 784 770 »ξένου
825 688 911 776 μηδὲ
946 693 1029 759 τῶν.
1057 691 1174 760 πάλαιε

142 801 322 884 γνωρίμων
340 796 600 882 διατρεπομένων
618 792 710 875 τινὸς
729 790 774 876 ὡς
791 791 878 883 ἡμᾶς
896 799 1031 884 φοιτᾶν,
1047 801 1152 880 διεξά-

143 929 204 988 μεν
241 898 531 989 ἀποκεκλεισμένοι
566 898 690 982 παντὸς
725 899 787 989 μὲν
823 901 1022 989 μαθήματος
1055 923 1153 973 σπου-

32 1091 33 1097 ,
144 1012 260 1100 δαίου,
288 1007 397 1095 πάσης
423 1007 461 1076 δέ
489 1008 668 1096 ἐλευθέρας
694 1007 884 1094 ἐντεύξεως,
912 1009 950 1077 ἐν
977 1024 1051 1090 ταῖς
1079 1014 1153 1098 λαμ

143 1129 242 1203 πραῑς
275 1119 447 1194 οἰκετείαις
478 1113 677 1202 τρεφόμενοι
713 1113 768 1181 καὶ
805 1127 876 1194 τοῖς
910 1109 1008 1202 ἡμῶν
1047 1112 1154 1184 αὐτόν

17 1220 27 1239 '
98 1233 123 1284 D
143 1221 280 1299 δούλοις
316 1216 426 1305 ὥσπερ
463 1218 605 1307 ἑταίροις
646 1219 977 1306 συγγυμναζόμενοι;
1019 1221 1185 1311 προσῄειν

143 1322 206 1413 γάρ
235 1321 347 1404 οὐδεὶς
379 1320 460 1392 οὐδὲ
488 1325 678 1412 ἐνετρέπετο
706 1328 775 1394 τῶν
806 1321 1000 1413 ἡλικιωτῶν.
1048 1330 1154 1396 ἐντεν-

142 1439 206 1498 θεν
234 1427 300 1517 ἐγὼ
318 1428 380 1517 μὲν
407 1429 503 1518 μόγις
522 1427 672 1518 ἀφείθην
699 1430 755 1499 διά
773 1430 852 1512 τοὺς
870 1429 974 1513 θεοὺς
1001 1429 1155 1522 εὐτυχῶς,

143 1531 161 1603 ὁ
191 1535 228 1604 δέ
246 1533 393 1623 ἀδελφός
411 1531 430 1604 δ
450 1533 528 1623 ἐμὸς
545 1541 593 1618 είς
610 1534 674 1624 τὴν
692 1533 799 1624 αὐλὴν
826 1543 1014 1626 καθείρχθη
1035 1544 1155 1608 δυστυ-

143 1645 222 1729 χῶς,
256 1651 346 1730 είπερ
378 1669 428 1722 τις
459 1639 558 1723 άλλος
589 1645 658 1710 τάν
689 1642 830 1712 ποόποτε.
880 1641 1033 1732 καὶγὰρ
1068 1656 1101 1714 εί
1127 1672 1156 1712 τι

142 1750 217 1837 περὶ
244 1747 305 1817 τὸν
332 1748 457 1837 τρόπον
485 1745 604 1837 άγριον
622 1749 678 1816 καὶ
704 1747 809 1837 τραχὺ
827 1746 887 1818 τὸν
915 1752 1049 1819 ἐκείνου
1066 1769 1154 1820 κατε·
1166 1778 1186 1819 15

139 1855 246 1942 φάνη,
264 1858 365 1923 τοῦτο
380 1857 416 1923 ἐκ
433 1856 493 1941 τῆς
511 1851 626 1942 ὀρείου
645 1857 772 1942 τροφῆς
790 1854 1000 1943 σννηνξήθη.
1029 1858 1155 1937 δίκαιος

143 1952 207 2029 οὖν
240 1958 333 2049 οἶμαι
363 1961 421 2030 καλ
451 1959 577 2047 ταύτην
614 1965 702 2048 ἔχειν
737 1959 800 2048 τὴν
836 1967 947 2055 αἰτίαν
985 1957 1002 2031 ό
1036 1963 1156 2051 ταύτης

141 2063 223 2155 ἡμῖν
253 2063 337 2155 πρὸς
369 2072 449 2154 βίαν
480 2064 645 2154 μεταδοὺς
675 2069 733 2153 τῆς
764 2070 907 2155 τροφῆς,
940 2058 980 2155 ἧς
1007 2069 1066 2156 ἐμὲ
1098 2069 1155 2156 μὲν

51 2166 54 2169 ’
90 2190 140 2240 171
149 2177 190 2242 οί·
208 2174 284 2242 θεοὶ
312 2169 370 2240 δεδι
396 2175 455 2260 τῆς
483 2178 687 2259 φιλοσοφίας
713 2170 868 2261 καθαρὸν
895 2170 1076 2261 ἀπέφηναν
1102 2176 1156 2244 καὶ

143 2277 272 2365 ἐξάντη,
299 2281 345 2368 τῷ
374 2277 412 2347 δέ
430 2274 542 2358 οὐδεὶς
570 2280 740 2347 ἐνέδωκεν.
777 2275 883 2360 εὐθὺς
910 2277 974 2368 γάρ
1004 2276 1071 2350 ἀπὸ
1090 2284 1187 2351 τάνυ

143 2381 257 2470 ἀγρῶν
293 2385 328 2463 ἐς
363 2380 403 2451 τά
440 2389 593 2471 βασίλεια
628 2383 831 2472 παρελθόντι
868 2383 981 2472 ἐπειδὴ
1023 2390 1156 2476 πρῶτον

143 2485 233 2579 αὐτῷ
260 2490 459 2577 περιέθηκεν
490 2483 652 2579 άλουργλς
684 2490 830 2579 ίμάτιον,
863 2488 983 2560 αὐτίκα
1011 2503 1155 2580 φθονελυ

60 2632 64 2639 ,
143 2591 326 2683 ἀρξάμενος
353 2591 395 2663 οὐ
421 2594 585 2684 πρότερον
612 2595 780 2666 ἐπαύσατο
803 2599 884 2684 πρὶν
911 2606 1071 2667 καθελεῖν
1098 2596 1154 2667 αὐ-

143 2700 213 2788 τόν,
241 2697 322 2769 οὐδὲ
348 2704 394 2793 τῷ
422 2710 586 2791 περιελεῖν
612 2699 650 2771 τδ
678 2705 881 2791 πορφυροῦν
900 2703 1034 2789 ίμάτισν
1062 2702 1154 2794 ἀρκε-

143 2814 246 2890 σθείς.
291 2812 398 2876 καίτοι
424 2810 486 2877 τοῦ
514 2810 571 2895 ζῆν
598 2810 684 2894 γοῦν
707 2806 808 2894 ἄξιος,
837 2814 867 2877 εί
893 2807 937 2896 μὴ
965 2811 1185 2896 βασιλεύεινω

228 3034 242 3080 1
270 3029 468 3083 διδασκαλίων
490 3032 515 3081 V
601 3034 616 3081 3
643 3021 692 3090 οδε
712 3023 840 3098 Cob.]
821 3049 858 3091 ως
880 3047 910 3092 v,
933 3020 983 3090 οδε
1007 3049 1045 3091 ως
1064 3033 1129 3085 Rsk

143 3090 318 3179 διάγοντες,
330 3099 385 3149 εἰεί
408 3098 505 3160 fallor,
527 3098 673 3164 legendum
759 3101 776 3149 4
802 3093 833 3150 οί
852 3099 919 3149 Rsk.
942 3103 971 3150 et
993 3101 1144 3151 Horkelius

142 3155 175 3215 όν
210 3168 215 3230 1
244 3159 323 3231 παρά
341 3160 467 3247 Πέρσαις
487 3170 592 3231 peta
596 3159 775 3244 ὅμηδενὸς
793 3163 829 3230 Η]
838 3159 978 3242 μηθενός
1048 3164 1154 3219 θοίκε-

142 3231 260 3293 τίαις11
348 3237 378 3284 11
397 3228 496 3293 οὐδεὶς
514 3231 552 3297 Η]
571 3224 674 3292 οάθελς
761 3237 792 3284 14
809 3230 923 3285 πῶποτε
941 3234 966 3284 V
1054 3238 1088 3286 15
1105 3231 1155 3286 τὸν

142 3296 255 3352 ἐκείνου
281 3299 438 3352 Ρε1.τῶν
464 3293 578 3352 ἐκείνου
589 3303 629 3418 gV
633 3300 758 3380 spanh„
789 3300 845 3352 τῶν
873 3295 973 3371 ἐκείνῳ
998 3306 1054 3366 pet
1124 3304 1154 3352 16

143 3366 257 3428 δίκαιος
275 3369 334 3424 Pet
367 3366 487 3428 δικαίως
537 3370 571 3418 20
589 3358 693 3432 ἐξάντη
711 3339 786 3435 Pop]
807 3365 926 3431 εἴξαντι
939 3353 987 3419 .άῇ
1007 3369 1164 3420 Ruhnken:

142 3437 178 3486 ad
195 3437 264 3490 Tim
281 3452 306 3500 p
326 3437 375 3487 108
407 3435 418 3516 p
443 3434 483 3505 τῷ
502 3430 535 3487 δὲ
553 3434 624 3501 Ρο1.]
643 3434 718 3505 τῷδε
736 3436 760 3485 V
778 3436 885 3501 spanh„
905 3431 992 3486 τουδε
1011 3443 1069 3500 pet.
1122 3438 1152 3486 21

142 3495 245 3568 ἐπειδη
264 3501 298 3568 V]
318 3490 471 3554 ἐπειδαν
