2446 3870
142 169 204 235 134
437 170 580 222 ιυυιεαι
602 170 854 224 ΙΜΡυεεΤοοιε

140 326 206 387 νην
233 298 383 385 οἰόμενοι
411 300 532 388 χρῆναι
550 295 757 386 τὰτοιαῦτα,
784 300 853 367 τῶν
876 299 929 367 έπὶ
947 312 1018 378 τοῖς
1045 303 1155 388 ἔργοις

102 408 315 493 θέγκωμίων
342 401 601 494 ἀφαιρησόμεθα
633 403 693 473 τὸν
720 406 756 473 ἐκ
783 407 845 474 τοῦ
875 404 1069 474 κολακεύειν
1097 409 1153 474 δο-

139 525 212 581 κεῖν
251 510 361 596 υόγον
399 510 598 595 δεδοικότες;
632 508 778 599 Ὅμηρος
816 510 854 579 δὲ
891 507 954 579 οῦκ
990 507 1153 600 ᾐσχύνετο

139 616 203 706 τὴν
229 615 433 705 Πηνελόπην
465 618 639 698 ἐπαινέσας
672 613 753 686 οὐδὲ
783 615 847 705 τὴν
872 613 1025 686 Ἀλκίνου
1052 645 1153 706 γαμε-

140 724 216 811 τήν,
245 719 326 792 οῦδδ
358 732 391 791 εί
413 749 463 804 τις
496 720 577 811 ἀλλη
606 722 836 812 διαφερόντως
867 719 980 811 ἀγαθὴ
1013 722 1180 810 γίγονενε

140 826 161 917 ἢ
188 830 245 898 καὶ
273 830 325 897 ἐπὶ
354 827 494 918 σμικρὸν
522 825 640 918 ἀρετῆς
668 827 880 919 μετεποιήθη.
925 826 1057 898 οῦκουν
1073 827 1155 900 οὐδὲ

140 938 249 1023 ἐκείνη
286 938 345 1023 τῆς
387 933 437 1004 ἐπ’
478 931 568 1027 αὐτῷ
608 936 715 1028 τούτῳ
758 935 937 1025 διήμαρτεν
978 931 1154 1024 εὐφημίας.

139 1041 222 1132 πρὸς
250 1041 287 1111 δέ
314 1033 359 1110 αῦ
386 1043 517 1123 τούτοις
543 1052 669 1111 παθεῖν
696 1040 757 1129 μὲν
776 1033 815 1110 εῦ
840 1042 896 1110 καὶ
923 1055 1036 1128 τυχεῖν
1055 1069 1155 1125 ,τινος

139 1145 286 1235 ἀγαθοῦ,
314 1151 457 1237 σμικροῦ
474 1175 510 1216 τε
529 1143 651 1235 ὁμοίως
678 1148 733 1217 καὶ
753 1154 911 1235 μείζονος,
940 1144 1041 1216 οῦδὲν
1061 1153 1154 1218 ἔλατ-

95 1266 199 1323 Βτου
232 1251 321 1343 παρὰ
353 1251 513 1342 γυναικὸς
544 1249 565 1341 ἢ
598 1251 688 1342 παρὰ
721 1249 845 1343 ἀνδρὸς
877 1253 1057 1341 δεξόμεθα,
1090 1253 1153 1344 τὴν
1168 1286 1194 1324 10

139 1360 176 1428 δέ
209 1357 260 1428 έπ’
295 1355 385 1449 αὐτῷ
422 1358 520 1447 χάριν
552 1355 723 1428 ἀποτίνειν
760 1355 961 1447 ὀκνήσομεν;
995 1356 1077 1429 ἀλλὰ
1109 1361 1155 1450 μή

138 1492 216 1534 ποτε
243 1466 298 1534 καὶ
327 1462 409 1534 αῦτὸ
437 1463 474 1534 τδ
502 1470 639 1534 δεῖσθαι
671 1467 916 1552 καταγέλαστον
948 1463 1035 1534 εἶναι
1063 1470 1154 1553 φῦσι

137 1572 194 1640 καὶ
222 1569 284 1641 οῦκ
312 1569 407 1652 ἀξιον
434 1568 559 1661 ἀνδρὸς
587 1574 751 1653 ἐπιεικοῦς
778 1573 834 1640 καὶ
862 1579 1038 1659 γενναίου,
1066 1571 1155 1642 εἶναι

139 1677 176 1746 δδ
203 1680 259 1746 καὶ
286 1675 346 1746 τὸν
371 1674 534 1746 Ὀδυσσέα
560 1674 621 1746 τὸν
654 1675 765 1766 σοφὸν
793 1675 917 1767 ἀγεννῆ
945 1679 1001 1747 καί
1029 1669 1153 1765 δειλόν,

140 1781 191 1853 ὅτι
223 1782 284 1872 την
315 1786 377 1853 τοῦ
408 1786 571 1872 βασιλέως
610 1786 733 1853 ίκέτευε
764 1785 937 1872 θυγατέρα
968 1790 1154 1866 παίζουσαν
1168 1814 1194 1854 15

133 1892 193 1985 >ἐπὶ
219 1893 282 1960 τοῦ
309 1893 468 1978 λειμῶνος
500 1888 562 1972 ξῦν
589 1903 661 1972 ταῖς
693 1886 822 1978 ὁμήλιξι
854 1892 1037 1978 παρθένοις
1062 1888 1154 1980 παρὰ

139 2000 202 2066 τοῦ
239 1999 389 2084 ποταμοῦ
430 2010 502 2078 ταῖς
538 1993 623 2086 ᾐόσι.
679 1996 724 2085 μή
760 2023 839 2066 ποτε
878 1987 942 2065 οῦν
979 1992 1059 2065 οῦδδ
1096 1999 1155 2084 τῆς

137 2100 282 2192 Ἀθηνᾶς
308 2106 366 2191 τῆς
392 2101 565 2184 τοῦΔιός
593 2100 804 2192 ἀπόσχωνται
831 2102 960 2188 παιδός,
987 2098 1031 2191 ἣν
1051 2099 1153 2190 Ὅμη-

88 2210 204 2297 105ρός
227 2230 332 2297 φησιν
359 2205 622 2278 ἀπεικασθεῖσαυ
648 2211 807 2300 παρθένῳ
826 2212 911 2298 καλῇ
929 2209 986 2277 καὶ
1012 2216 1153 2300 γενναία

137 2313 296 2382 Ὀδυσσεῖ
329 2313 390 2401 μὲν
426 2309 619 2402 ἡγήσασθαι
656 2318 715 2403 της
747 2316 800 2383 έπὶ
832 2313 873 2383 τὰ
904 2319 1057 2403 βασίλεια
1094 2342 1153 2402 φε·
1168 2345 1195 2383 20

140 2419 265 2511 ρούσης
297 2415 396 2505 ὁδοῦ,
429 2419 624 2508 σύμβουλον
656 2421 694 2489 δέ
727 2417 833 2489 αὐτοῦ
860 2421 915 2489 καὶ
949 2421 1156 2490 διδάσκαλον

139 2527 340 2614 γενομένην,
377 2515 426 2593 όν
467 2528 567 2616 ἐχρῆν
604 2535 682 2595 είσω
723 2527 937 2617 παρελθόντα
975 2529 1062 2616 δρῦν
1099 2518 1155 2595 καὶ

89 2645 91 2649 ’
140 2633 261 2718 λέγειν,
289 2630 441 2722 καθάπερ
468 2629 544 2700 τινὰ
564 2633 689 2724 ῥήτορα
717 2631 778 2714 ξῦν
807 2634 876 2722 [τη]
904 2634 1003 2721 τέχνη
1027 2634 1156 2702 τέλειον

140 2728 219 2828 ᾆσαι
251 2743 424 2825 βασιλίδος
456 2738 635 2826 ἐγκώμιον,
673 2736 809 2808 ἀνωθεν
841 2735 906 2807 ἀπό
938 2741 1000 2808 τοῦ
1033 2739 1155 2825 γένους

141 2839 338 2934 ἀρξαμένην.
385 2849 451 2933 ἔχει
479 2844 516 2913 δὲ
544 2841 635 2937 αὐτῷ
662 2842 703 2913 τὰ
731 2840 815 2934 ῦπδρ
848 2845 978 2913 τοῦτον
1005 2849 1066 2932 ἔπη
1094 2843 1155 2914 τὸν
1169 2871 1196 2912 25

140 2950 266 3041 τρόπον
291 2952 404 3021 τόνδε·

211 3266 223 3312 l
249 3257 311 3314 εἷτα
334 3267 399 3314 ante
422 3260 479 3313 τῦν
502 3262 579 3312 addit
596 3261 663 3312 Cob.
733 3264 751 3311 4
773 3255 893 3313 ἀλκίνου
917 3256 991 3346 VM]
1009 3252 1156 3312 Ἀλκινόου

141 3332 158 3379 6
176 3320 282 3381 οῦκουν
301 3328 340 3396 Μ]
361 3322 469 3382 οῦκοῦν
540 3332 572 3380 12
591 3328 667 3394 φῦσι
684 3329 727 3393 Η,
743 3334 775 3378 ut
788 3327 874 3410 paulo
893 3333 955 3394 post
972 3320 1156 3396 απόσχιενται

141 3397 257 3460 legitur,
282 3413 354 3461 φασι
377 3413 394 3446 v
464 3399 496 3449 17
519 3390 593 3464 η’όσι]
612 3388 692 3464 ἦῖόσι
725 3396 730 3460 Ι
762 3389 834 3448 ουδδ
852 3393 891 3512 HA
914 3387 982 3448 νῦτε
1050 3397 1084 3448 20
1101 3391 1156 3461 μεν

142 3465 204 3514 add.
222 3463 281 3512 VM
300 3465 304 3528 Ι
325 3457 372 3516 ἐπὶ
391 3467 418 3515 Η
437 3469 465 3514 et
483 3463 564 3532 Cob.]
584 3462 650 3531 περὶ
718 3467 751 3515 ‘21
771 3455 850 3528 αῦτῷ
893 3463 937 3514 ob.
1005 3465 1039 3514 23
1058 3461 1093 3529 τῇ
1112 3463 1158 3512 de·

127 3529 204 3579 levit
223 3530 289 3582 Oob.
362 3534 396 3584 24
413 3522 479 3584 ἀλλ’
500 3539 566 3584 ante
584 3521 703 3584 ἀνωθεν
720 3531 782 3583 add.
800 3531 826 3583 fl.
845 3536 901 3595 pet.
