2416 3864
464 156 599 210 οιιευιο
616 159 679 212 vn.
1008 159 1071 223 297

56 290 179 371 Ηλιος,
207 275 317 373 ῶσπερ
350 287 478 354 έννοῶν
510 311 541 354 τι
572 286 629 355 καὶ
660 285 871 375 λογιζόμενος
903 285 1004 369 αὐτὸς
1035 291 1074 357 ἐν

57 393 180 483 ἑαυτῷ,
216 404 392 480 προσεῖχεν
428 397 475 472 είς
510 390 572 461 τὸν
608 399 677 461 Δία
713 392 817 481 πύξας
855 391 897 460 τά
934 390 1072 482 ὄμματα.
1128 401 1131 405 ’

7 516 8 519 ’
55 500 125 565 τῶν
153 499 297 587 Μοιρῶν
330 496 367 565 δὲ
394 493 415 586 ἡ
448 498 672 588 πρεσβυτάτη·
706 498 898 585 Κωλύετον,
931 504 1011 587 ἔφη,
1045 492 1071 568 ῶ

55 603 175 693 πάτερ,
211 599 232 691 ἡ
261 598 413 691 Ὁσιότης
449 602 511 685 ξῦν
546 608 586 693 τῇ
619 611 717 694 Δίκη.
772 604 834 675 σὸν
872 596 935 674 οῦν
972 611 1073 695 ἔργον

28 713 163 796 εέστίν,
200 713 331 798 ἐπείπερ
368 705 454 797 ἡμᾶς
494 712 668 792 ἐκέλευσας
708 707 905 781 ῦπεικαθεϊν
942 707 1070 797 αὐταῖς,
1089 734 1116 788 Β

56 830 168 885 πεῖσαι
194 817 250 885 καὶ
270 818 406 897 ἐκείνας.
440 813 525 885 Ἀλλ’
555 818 630 904 ἐμαὶ
648 817 712 906 γάρ
735 824 832 904 είσιν,
860 823 936 905 ἔφη,
963 828 1071 903 θυγα-
1114 825 1117 829 ’

56 924 162 1015 τέρες,
194 924 250 990 καὶ
282 919 377 1004 ἀξιον
410 919 451 1010 δὴ
485 924 621 1011 ἐρέσθαι
657 920 773 1008 αύτύς·
809 930 845 992 τί
877 927 1012 1010 τοίνυν,
1045 915 1071 991 ῶ

56 1034 189 1115 ποτνία,
217 1028 340 1116 φατόνς
366 1024 462 1096 Ἀλλά
489 1028 611 1098 τούτου
634 1030 705 1117 μέν,
734 1029 877 1118 εἰπέτην,
905 1020 931 1097 ῶ
958 1028 1071 1118 πάτερ,

57 1131 159 1215 αύτὸς
192 1132 224 1203 εί
253 1133 377 1225 κύριος.
423 1134 538 1204 σκόπει
571 1135 608 1203 δὲ
641 1133 729 1218 ὅπως
761 1139 798 1205 ἐν
830 1133 1024 1220 ἀνθρώποις
1052 1130 1070 1204 δ

15 1277 42 1315 10
56 1238 205 1329 πονηρὸς
237 1236 353 1311 οῦτοσλ
383 1243 443 1328 τῆς
474 1237 714 1332 ἀνοσιουργίας
746 1245 839 1330 ζῆλος
870 1240 914 1330 μὴ
947 1240 1071 1331 παντός

56 1365 161 1415 πασιν
188 1347 398 1436 ἐπικρατήσῃ.
444 1344 537 1438 Πρός
564 1344 746 1438 ἀμφότερα,
774 1347 877 1435 εἶπεν,
905 1346 969 1434 έγῶ
998 1347 1072 1416 σκέ-

56 1466 171 1539 ψομαι.
208 1455 264 1521 καὶ
292 1457 330 1521 αί
354 1460 484 1541 Μοῖραι
506 1459 649 1541 πλησίον
667 1457 835 1544 παροῦσαι
861 1454 972 1523 πάντα
1000 1454 1072 1523 έπέ-

56 1566 209 1645 κλωθον,
247 1554 292 1640 ῶς
324 1554 342 1629 ὁ
374 1557 482 1649 πατὴρ
514 1559 678 1645 ε’βούλετο.
724 1563 833 1646 λέγειν
866 1560 903 1628 δέ
935 1556 953 1630 ὁ
987 1558 1116 1641 Ζεύςο

57 1662 192 1753 ἀρχεται
223 1663 306 1754 πρὸς
341 1663 402 1733 τὸν
425 1662 556 1734 Ἥλιον·
596 1667 698 1735 Τουτὶ
733 1665 772 1734 τὸ
808 1671 959 1753 παιδίον,
992 1671 1071 1754 ἔφη·

14 1804 42 1844 15
58 1769 216 1858 ξυγγενὲς
242 1770 280 1839 δὲ
310 1762 353 1859 ἦν
387 1767 499 1839 αύτῶν
530 1769 596 1860 ἀρα
627 1772 908 1862 παρερριμμέυου·
921 1795 988 1841 που
1015 1771 1071 1839 καὶ

58 1873 300 1965 ἀμελούμενον,
333 1873 537 1965 ἀδελφιδοῦς
568 1880 699 1947 ἐκείνου
730 1882 792 1947 τοῦ
823 1883 988 1969 πλουσίου
1016 1878 1072 1946 καὶ

58 1978 197 2064 ἀνεψιός
223 1986 292 2051 τῶν
318 1983 550 2073 κληρονόμων·
577 1986 688 2069 τοῦτο,
716 1989 792 2072 ἔφη,
820 1983 882 2051 σύν
901 1984 991 2050 ἐστιν
1019 1988 1071 2051 ἔκ-

57 2115 172 2174 γονον.
219 2085 345 2177 όμοσου
378 2080 442 2158 οὖν
472 2087 510 2158 τό
539 2089 620 2178 έμύν
651 2116 686 2158 τε
718 2091 774 2157 καὶ
801 2086 864 2157 σὸν
892 2090 1071 2176 σκῆπτρον,

56 2185 79 2283 ἦ
110 2191 179 2284 μην
211 2195 467 2284 ἐπιμελήσεσθαι
504 2195 731 2284 διαφερόντως
767 2192 873 2263 αύτοῦ
909 2195 965 2263 καὶ
997 2219 1070 2262 ποι-

16 2333 43 2374 ω
57 2314 178 2389 μανεϊν
205 2297 288 2371 αύτό
320 2303 376 2371 καὶ
402 2301 627 2390 θεραπεύσειν
653 2305 711 2388 τῆς
738 2301 853 2371 νόσου.
899 2296 979 2392 ὁρᾷς
1006 2298 1070 2390 γάρ
1089 2323 1116 2376 D

57 2404 149 2488 ὅπως
178 2400 253 2475 οἷον
283 2403 350 2477 ὑπὸ
378 2409 509 2476 καπνοῦ
533 2404 652 2496 ’ῥύπου
678 2435 713 2476 τε
741 2405 988 2495 ἀναπέπλησται
1016 2406 1072 2474 καὶ

56 2512 210 2599 λιγνύος,
242 2513 403 2594 κίνδυνός
434 2540 469 2582 τε
495 2512 533 2581 τό
566 2509 632 2582 ύπὸ
665 2516 730 2583 σοῦ
757 2513 884 2605 σπαρέν
916 2515 953 2581 έν
981 2509 1071 2605 αύτῷ
1135 2521 1138 2527 ’

55 2621 126 2708 πῦρ
154 2614 355 2708 ἀποσβῆναι,
383 2614 426 2706 ἢν
452 2617 496 2707 μη
525 2619 569 2688 σύ
596 2646 633 2706 γε
661 2619 778 2689 δύσεαι
806 2618 920 2708 ἀλκήν.
955 2620 1011 2703 σοὶ
1035 2617 1072 2687 δὲ

7 2716 16 2732 ’
57 2722 124 2810 έγῶ
155 2751 193 2793 τε
225 2726 383 2815 ξυγχωρῶ
412 2725 472 2793 ’καὶ
504 2729 542 2792 αί
571 2733 716 2816 Μοῖραι·
749 2726 859 2814 κόμιζε
892 2715 955 2793 οῦν
988 2721 1070 2792 αύτό

16 2861 44 2902 ει
57 2831 113 2898 καί
128 2832 237 2919 τρέφε.
269 2833 377 2899 ταῦτα
388 2826 534 2911 ἀκούσας
553 2827 570 2899 ὁ
587 2829 743 2919 βασιλεῦς
753 2828 868 2911 Ἥλιος
885 2827 1071 2918 ηύφρύυθη

57 2945 92 3005 ’τε
110 2931 229 3024 ἡσθεὶς
246 2939 292 3030 τῷ
311 2938 439 3027 βρέφει,
467 2937 656 3026 σωζόμενον
675 2942 723 3006 ἔτι
746 2938 906 3027 καθορῶν
925 2937 962 3002 έν
981 2931 1072 3025 αύτῷ

126 3203 240 3281 δέστὶν
257 3209 294 3277 V]
315 3203 374 3264 ἐστὶ
401 3210 405 3276 Ι
432 3203 611 3265 ύπειιιαθεῖν
630 3211 708 3279 Cob.]
731 3203 906 3264 ῦπειιιύθειν
976 3212 990 3262 7
1015 3200 1072 3275 έρέ·

57 3287 131 3338 σθαι
154 3285 234 3352 Gob.]
260 3283 380 3351 ἔρεσθαι
450 3290 533 3340 70t8
556 3277 714 3349 ῶπότνια,
739 3281 834 3353 φάτον
856 3290 881 3342 V
955 3289 986 3337 11
1010 3278 1072 3337 ἔτι·

56 3359 216 3431 κοατήοειλ
302 3359 614 3431 113παρεριμμίνον11
702 3365 733 3415 18
755 3358 805 3414 ιιαλ
824 3356 855 3414 τὸ
873 3354 925 3413 σόν
943 3361 970 3410 Η
1039 3363 1072 3413 23

54 3430 93 3511 ἢν
111 3432 150 3507 μη
172 3465 200 3477 -
222 3431 326 3506 ἀλκήν]
345 3432 425 3490 Iliad.
445 3456 464 3504 ι,
482 3442 542 3503 231,
560 3439 608 3489 ubi
627 3433 709 3504 εἰμὴ
729 3429 796 3503 σύγε
814 3437 916 3504 legitur
942 3440 946 3501 Ι
973 3435 1018 3488 σοί
1037 3431 1072 3487 δὲ

54 3512 96 3583 Η]
116 3511 159 3569 ἔτι
178 3510 213 3568 δὲ
1023 3512 1024 3515 ’
