2422 3862
377 167 583 228 τνιενοιιτ
601 175 626 225 ι.
645 177 671 226 ι.
690 175 715 226 ο.
734 176 757 228 ε.
1012 171 1078 238 485

58 309 232 401 Σάραπιν,
262 309 307 391 ὡς
335 314 366 378 εί
391 306 436 398 μὴ
464 307 528 397 πρὸ
552 312 621 378 τῶν
644 315 863 400 Δεκεμβρίων
886 313 1077 378 Καλανδῶν

58 416 77 486 ὁ
107 426 202 498 θεοῖς
232 416 354 506 ἐχθρὸς
377 414 579 496 Ἀθανάσιος
610 417 742 498 ἐξέλθοι
774 418 918 504 ἐκείνης,
948 419 1077 504 μάλλον

58 523 96 593 δὲ
119 524 175 592 καί
198 522 307 611 πάσης
327 525 387 610 τῆς
405 521 591 610 Αίγύπτου,
613 525 653 611 τῇ
678 520 895 614 ὑπακουούση
914 544 970 593 σοι
986 521 1077 604 τάξει
1095 535 1118 589 Β

58 628 326 719 προστιμήσομαι
349 634 478 718 χρυσοῦ
500 635 614 720 λίτρας
637 629 764 699 ἑκατόν.
802 629 905 701 οἶσθα
929 630 966 699 δὲ
988 627 1078 708 ὅπως

31 737 126 827 εείμὶ
156 734 287 826 βραδὺς
318 736 381 824 μὲν
412 742 460 818 είς
490 735 528 805 τὸ
560 739 788 824 καταγνῶναι,
824 741 936 832 πολλῷ
965 737 1002 805 δὲ
1029 739 1078 802 ἔτι

57 843 265 933 βραδύτερος
288 847 334 923 είς
356 841 394 911 τὸ
418 840 504 924 ἅπαξ
526 841 692 930 καταγοὺς
715 840 855 912 άνείναι.
885 884 928 894 -
958 841 1014 912 καὶ
1036 845 1077 930 τῇ

59 948 167 1019 αὑτοῦ
192 955 290 1037 χειρί·
327 943 417 1018 π’άνυ
445 975 485 1038 με
507 957 604 1018 λυπεῖ
624 947 663 1018 τδ
687 960 985 1040 καταφρονεῖσθαι.
1031 945 1077 1036 μὰ

58 1056 138 1136 τοὺς
160 1055 264 1136 θεοὺς
286 1054 413 1136 πάντας
436 1051 538 1124 οὐδὲν
561 1053 667 1136 οὕτως
685 1050 730 1124 άν
748 1061 866 1146 ίδοιμι,
889 1061 1017 1147 μᾶλλον
1040 1056 1077 1124 δὲ

58 1162 240 1251 άκούσαιμι
269 1159 377 1250 ἡδέως
403 1161 493 1249 παρὰ
521 1164 584 1230 σοῦ
606 1164 774 1249 πραχθέν,
807 1162 853 1244 ὡς
872 1161 1078 1232 Ἀθανάσιον

19 1295 45 1334 ιο
59 1271 300 1357 ἐξεληλαμένον
325 1271 395 1337 τῶν
420 1271 479 1356 τῆς
501 1267 676 1355 Αἰγύπτου
702 1267 831 1356 τόπων,
857 1270 919 1340 τὸν
941 1266 1076 1358 μιαρόν,
1096 1276 1117 1333 0

49 1374 97 1456 ’δς
125 1375 305 1463 ἐτόλμησεν
322 1371 520 1460 Ἑλληνίδας
547 1371 597 1442 ἐπ’
624 1375 707 1463 ἐμοῦ
735 1386 897 1464 γυναῖκας
918 1377 987 1444 τάν
1009 1376 1077 1444 ἐπι-

61 1482 181 1569 σήμων
201 1487 367 1568 βαπτίσαι.
413 1480 598 1549 διωκίσθω.
1024 1471 1027 1473 ’

341 1688 371 1746 ”
434 1745 468 1827 ξ.
508 1714 705 1837 Ἀρταβίρκ
1091 1773 1119 1814 ιο

147 1906 231 1995 Ἐγιο
260 1905 305 1996 μὰ
332 1904 412 1986 τοὺς
438 1904 541 1986 θεοὺς
565 1904 642 1975 ούτε
663 1910 855 1974 κτείνεσθαι
874 1904 957 1985 Ιτους
980 1911 1076 1973 Γαλι-

19 2045 45 2085 15
61 2022 178 2095 λαίους
205 2012 282 2082 οὔτε
303 2011 488 2081 τύπτεσθαι
510 2010 601 2098 παρὰ
622 2009 660 2080 τὸ
685 2015 817 2080 δίκαιον
841 2010 917 2080 ούτε
941 2009 1022 2080 ἄλλο
1045 2037 1077 2079 τι

59 2121 202 2208 πάσχειν
236 2118 344 2188 κακὸν.
377 2117 557 2205 βούλομαι,
593 2120 820 2207 προτιμᾶσθαι
852 2120 967 2206 μέντοι
998 2111 1078 2197 τοὺς

60 2231 233 2314 θεοσεβείς
255 2225 311 2294 καὶ
333 2224 424 2293 πάνυ
447 2224 533 2311 φημί
557 2228 641 2292 δείν·
675 2223 733 2292 διὰ
756 2225 818 2311 μὲν
841 2222 905 2311 γὰρ
927 2219 991 2312 τὴν
1015 2231 1077 2293 Γα-

60 2340 201 2404 λιλαίων
232 2336 363 2420 μωρίαν
395 2327 512 2417 ὀλίγον
543 2333 616 2399 δείν
645 2328 776 2398 ἅπαντα
801 2328 986 2422 ἀνετράπη,
1018 2329 1076 2400 διὰ
1094 2337 1120 2391 D

18 2525 21 2529 .
61 2442 99 2511 δὲ
125 2440 189 2529 την
215 2442 284 2508 τῶν
306 2434 399 2506 θεῶν
422 2434 598 2524 εὐμένειαν
620 2435 796 2525 σωζόμεθα
818 2437 948 2519 πάντες.
994 2435 1078 2507 ὅθεν

18 2576 48 2616 ιο
61 2547 124 2636 χρὴ
152 2549 253 2633 τιμάν
279 2542 359 2624 τοὺς
384 2542 489 2623 θεοὺς
515 2545 572 2612 καὶ
599 2542 679 2625 τοὺς
700 2549 872 2631 θεοσεβεῖς
894 2544 1021 2634 ἄνδρας
1043 2571 1078 2613 τε

60 2655 117 2724 καὶ
139 2655 259 2734 πόλεις.

131 2925 144 2972 1
163 2913 317 2973 καλάυδυν
335 2921 361 2971 V
429 2918 580 2970 ποτοῖσιν
597 2917 623 2968 V
637 2916 641 2982 Ι
655 2910 769 2982 ’κείνης
787 2917 920 2970 Βίυιεοίε.
955 2918 1076 2984 Requiro

61 2990 113 3056 τῆς
130 2981 255 3052 πόλεως,
273 2993 306 3038 ut
323 2986 407 3039 399A
423 2991 451 3038 et
467 2983 556 3038 4351)
596 2988 612 3036 3
630 2982 681 3036 καὶ
697 2977 793 3050 πάσης
810 2984 836 3035 V
853 2981 962 3062 ονομα]
980 2977 1077 3052 πάσης

62 3057 67 3125 Ι
86 3072 132 3110 σοι
151 3075 166 3109 e
184 3057 210 3107 V
226 3057 334 3121 recepit
351 3055 462 3121 spanh.,
483 3053 569 3120 vulgo
588 3053 666 3104 deest
730 3055 996 3120 4προστιμησομαι
1014 3054 1075 3105 Sin·

60 3120 146 3192 tonis]
165 3117 392 3190 προστιμησαιμι
410 3123 436 3175 V
453 3126 480 3173 et
497 3123 565 3177 Lex.
577 3120 658 3172 vind.
695 3122 818 3184 .155‚15‚
836 3115 1046 3189 προτιμήσαιμι
1058 3138 1077 3173 v

62 3184 164 3260 Ιὸπως
181 3193 206 3244 V
223 3206 290 3257 τινες.
308 3188 387 3258 Gom]
405 3188 467 3250 πῶς
505 3181 632 3242 vabro&
650 3136 800 3254 Ηςαύτού
836 3190 898 3239 Vet
915 3190 932 3240 8
950 3183 990 3255 μά
1009 3184 1077 3250 τούς

59 3264 85 3315 V
103 3257 263 3327 πτερωτά]
286 3250 354 3337 τούρ
394 3247 466 3310 δάν
485 3255 579 3324 ἴδοιμι
598 3259 623 3309 V
640 3253 800 3376 σύνθεο.)
821 3253 914 3321 ίδοιμι
949 3249 1077 3322 θὴδέως

59 3327 97 3395 Η]
117 3318 245 3396 μηδενὸς
260 3326 264 3393 Ι
279 3343 358 3391 παρα
378 3323 429 3378 σού
444 3323 479 3392 V]
496 3318 577 3392 παρά
595 3340 646 3376 σου
661 3323 666 3389 Ι
681 3323 781 3390 πραηθ
798 3340 820 3374 ν.
833 3319 873 3390 H]
892 3321 1078 3406 πραχθέντος

61 3399 93 3448 11
112 3400 255 3464 γυναῖκας
271 3393 310 3447 τά
329 3393 481 3457 αοεμίεεοιυ
499 3395 529 3444 in
545 3392 585 3443 V⁰l
637 3395 669 3442 1⁴2
688 3387 841 3443 διοικίσθω
858 3389 894 3456 V]
914 3391 1078 3445 διωκεσθαι

61 3467 95 3518 14
112 3457 153 3530 μά
171 3462 210 3530 Η]
229 3457 266 3529 νὴ
286 3521 293 3541 Ι
338 3464 369 3513 17
389 3455 441 3512 διὰ
460 3455 514 3526 μὲν
532 3452 587 3527 γάρ
606 3457 659 3528 Ph]
680 3453 731 3512 διά
749 3453 804 3528 γάρ
824 3457 889 3525 (διά
907 3467 988 3513 mart.
1007 3463 1078 3528 pet.)

1 3572 2 3575 η
62 3534 94 3584 19
112 3525 233 3598 πάντες]
251 3547 368 3590 παντως
385 3528 488 3594 Heyler
