2446 3870
391 213 394 217 ⁴
478 158 614 210 ORATIO
633 160 683 211 111.
1025 162 1085 226 139

130 310 205 370 ικην
237 283 294 351 καὶ
331 279 487 374 άμυδρδιν
519 284 648 372 είκόνα,
685 281 706 373 ἦ
738 286 953 356 παντάπασιν
983 285 1083 379 ὐπερ-

118 416 199 470 ,ντες
232 387 289 458 διδι
321 387 383 476 τὴν
416 389 514 478 ίσχύν
552 393 781 478 κατέγνωσαν,
818 388 839 484 ἢ
870 397 1087 483 προσιέμενοί

141 492 200 562 διδ
233 501 313 582 βίου
340 499 547 583 καρποῦνται
578 494 637 578 τάς
665 499 866 585 ἐπωνυμίας·
904 499 1010 587 μόνης
1046 503 1083 570 δὲ

114 629 161 669 ιαι
193 601 316 688 ταύτης
348 598 429 670 οὐδὲ
460 600 523 690 τὴν
559 600 666 692 ἀρχὴν
684 599 891 693 ’ὑπερεῖδον
927 612 1083 695 χαίρουσι

131 705 293 796 καὶπρὸς
320 706 478 776 ἐνιαυτὸν
504 709 736 796 τυγχάνοντες·
764 711 820 777 καὶ
844 709 920 779 οὐτε
948 711 1122 800 ίδιοότηςΟ

110 813 182 893 δεδς
210 809 288 881 οὐτε
315 813 472 899 βασιλεύς
499 817 590 883 ἐστιν
616 811 637 902 ἢ
665 817 819 901 γέγονεν,
847 812 884 897 δς
912 813 954 885 οὐ
982 825 1081 905 ζηλω-

110 946 128 986 ν
168 917 324 1006 ἐνόμισεν
365 915 491 1001 ὐπατος
532 922 814 1009 ἐπονομασθῆναι.
870 927 901 990 εί
936 920 1051 1009 δέ,”
1031 951 1082 993 οτι

106 1026 198 1104 ὦτος
225 1030 341 1112 ἔτυχεν
368 1027 494 1106 ἐκεῖνος
511 1027 566 1094 καὶ
586 1023 770 1132 γέγονεν’
752 1025 896 1115 αρχηγὸς
923 1031 972 1119 τῷ
992 1032 1082 1115 γένει

110 1159 123 1210 ς
156 1129 325 1217 εὐδοξίας,
357 1131 494 1201 ἔλαττόν
524 1159 574 1212 τις
606 1137 692 1219 ἔχειν
728 1128 834 1200 αὐτὸν
866 1136 934 1201 τῶν
971 1121 1120 1203 ἄλλων

98 1236 311 1323 τολαμβάνει,
343 1244 420 1306 λίαν
456 1237 707 1325 ἐξαπατώμενος
739 1234 781 1306 οὐ
816 1239 998 1326 μανθάνει
1035 1244 1081 1332 τῷ
1133 1235 1159 1279 ⁴

102 1343 166 1410 ιντδ
193 1341 258 1432 γὰρ
287 1341 379 1431 οἶμαι
406 1343 557 1434 κρεῖττόν
584 1346 653 1412 ἐστι
676 1345 732 1412 καὶ
751 1345 957 1435 σεμνότορον
975 1343 1082 1436 ἀρχὴν

90 1462 251 1536 αρασχεῖν
291 1464 361 1530 τοῖς
401 1449 553 1537 ἐγγόνοις
593 1457 809 1539 περιφανείας
855 1452 1019 1540 τοσαύτης
1059 1449 1080 1541 ἢ

94 1559 184 1640 ιβεῑν
215 1553 304 1644 παρὰ
336 1557 404 1623 των
435 1555 622 1645 προγόνων.
668 1557 738 1624 ἐπεὶ
769 1557 825 1625 καὶ
861 1557 988 1639 πόλεως
1025 1573 1123 1647 με-Ι)

65 1665 182 1746 γίστης
215 1659 365 1748 οἰκιστὴν
401 1664 562 1747 γενέσθαι
598 1676 748 1750 κρεῖττον
779 1658 799 1750 ἢ
833 1670 987 1751 πολίτην,
1024 1667 1080 1733 καὶ

27 1792 52 1831 15
64 1771 184 1852 λαβεῖν
216 1761 333 1835 ὁτιοῦν
365 1765 499 1853 άγαθδν
530 1770 592 1835 τοῦ
623 1771 744 1836 δοῦναι
775 1772 821 1860 τῷ
853 1771 953 1837 παντὶ
980 1797 1080 1838 κατα-

65 1872 249 1959 δεέστερον.
295 1872 478 1960 λαμβάνειν
506 1872 543 1941 δὲ
571 1875 697 1941 ἐοίκασι
715 1872 804 1960 παρὰ
832 1878 900 1942 τῶν
927 1877 1080 1963 πατέρων

65 1981 101 2046 οδ
134 1982 253 2058 παῖδες
288 1980 344 2046 καὶ
377 1983 413 2048 oc
446 1987 577 2047 πολῖται
614 1977 704 2067 παρὰ
735 1981 804 2046 τῶν
838 1979 968 2047 πόλεων
1006 1975 1081 2048 οἷον

64 2080 222 2171 ἀφορμάς
253 2109 347 2164 τινας
378 2082 461 2173 πρὸς
493 2081 659 2212 εὐδοξίαν.
705 2080 795 2163 ὅστις
827 2084 864 2151 δὲ
892 2080 1079 2152 άποδίδωσι

63 2188 168 2257 πάλιν
202 2190 280 2270 ἐξ
262 2193 386 2258 εαυτοῦ
418 2190 598 2280 προγόνοις
629 2216 665 2258 τε
691 2190 747 2257 καὶ
778 2193 913 2278 πατρίδι
945 2196 1080 2277 μείζονα

29 2320 52 2360 ιο
65 2298 163 2381 τιμῆς
189 2290 367 2382 ὑπόθεσιν,
395 2299 626 2386 λαμπροτέραν
644 2295 705 2383 μὲν
733 2298 864 2383 ἐκείνην
886 2298 942 2365 καὶ
961 2317 1080 2385 σεμνο-

51 2403 182 2488 τέραν,
220 2397 299 2482 τοὺς
335 2404 479 2491 πατέρας
511 2401 554 2469 δὲ
595 2403 845 2490 ἐνδοξοτέρους
869 2400 1080 2491 ἀποφαίνων,

65 2498 166 2586 οὗτος
194 2503 311 2575 οὐδενὶ
338 2513 524 2577 καταλείπει
551 2505 635 2595 πρὸς
662 2504 831 2593 εὐγενείας
857 2509 960 2595 λόγον
987 2506 1080 2596 άμιλ-

66 2621 143 2680 λαν·
182 2609 264 2681 οὐδὲ
296 2619 387 2682 ἔστιν
419 2610 511 2694 ὅστις
543 2616 674 2682 ἐκείνου
706 2613 805 2700 φήσει
837 2621 995 2703 κρείττων
1023 2642 1075 2701 γε·
1083 2636 1133 2684 109

66 2720 218 2804 γονέναι·
247 2719 280 2799 ἐξ
308 2716 450 2805 άγαδῶν
476 2719 538 2807 μὲν
565 2716 629 2808 γάρ
657 2717 791 2806 άγαδδν
818 2723 925 2806 ,φῦναι
951 2722 1023 2815 χρή.
1061 2717 1079 2790 6

150 2978 168 3025 4
192 2967 315 3028 οὐδὲ-
333 2975 466 3042 χαίρουσι
490 2971 537 3043 δὲ]
562 2977 598 3027 Et
619 2976 672 3027 h'oc
696 2977 758 3027 loco
781 2978 938 3058 scripserim
961 2967 1028 3028 οὐτε
1047 3003 1080 3012 -

83 3041 204 3108 αίρουοί
220 3058 250 3093 τε
269 3048 297 3094 et
315 2994 401 3094 1116
422 3043 624 3124 δυσχεραίνειν
641 3060 672 3096 τε
741 3039 848 3097 θούτε
866 3042 930 3109 βασ.
950 3045 973 3092 V
1007 3036 1080 3096 οὐδὲ

32 3153 37 3164 .
65 3060 130 3173 δατ.
214 3114 246 3162 10
262 3104 409 3175 μανθάνει
428 3109 464 3176 V]
485 3106 628 3163 λανθάνει
711 3114 743 3162 11
761 3103 890 3188 ἐγγόνοις
908 3111 965 3162 VM
1000 3105 1081 3176 ἐκγό-

66 3194 129 3237 νοις
192 3180 225 3241 13
243 3176 344 3258 λαβεῖν
360 3176 430 3256 VM]
447 3177 653 3259 παραλαβεῖν
691 3181 722 3228 15
740 3194 791 3229 του
811 3176 916 3229 δούναι
935 3174 972 3246 τῷ
992 3176 1080 3230 παντὶ

67 3246 136 3298 Cob.
167 3243 220 3296 τοῦ
238 3239 356 3300 διδόναι
374 3242 413 3314 τῶ
430 3243 603 3309 παντλΡε1,
620 3239 653 3297 οὐ
667 3230 1081 3311 τωπαντλμο1,ἢτωπαντ1

66 3315 108 3376 Μ,
130 3305 203 3379 ηαδ
221 3307 317 3378 πάντη
335 3314 360 3364 V
378 3297 475 3378 spanh.
545 3316 576 3364 17
594 3283 625 3364 66
640 3297 756 3365 πολίται
774 3307 844 3378 VM]
863 3313 980 3366 πολιται
1048 3315 1080 3364 22

65 3381 240 3433 καταλιπεῖν
267 3381 341 3444 VM,
368 3381 522 3432 καταλίπει
549 3385 603 3459 pet.
639 3382 751 3458 Legam
771 3381 866 3456 igitur
885 3379 969 3432 δοκεῖ
991 3397 1080 3432 κατα-

67 3448 166 3500 λιπειν
198 3447 203 3510 Ι
230 3440 316 3512 λόγον
335 3437 460 3528 αμιλλαν
478 3437 699 3527 Οολιλαμιλλαν
718 3439 804 3513 λογον
822 3438 977 3513 (λογωνλ7
1047 3450 1080 3500 23

67 3505 137 3567 οὐδὲ
158 3507 237 3564 ἔστιν
253 3515 292 3575 Η]
310 3507 412 3567 οὐδέέ
414 3530 476 3568 στιν
499 3513 505 3580 Ι
531 3507 674 3581 φήσειΗ]
696 3514 775 3582 φησὶ.
808 3514 1081 3567 ο1.181)ο1115])
