2422 3862
430 157 610 209 EPISTOLA
629 153 696 224 [44].
879 216 890 227 ς
956 106 960 114 .
1010 154 1074 219 505

58 291 76 361 6
110 292 240 380 δήκαὶ
272 297 401 382 μᾶλλον
432 297 491 380 τῆς
522 294 558 360 ἐκ
585 291 718 380 φάσεως
745 289 851 362 αὐτοῦ
876 291 1075 378 πικρότητος

57 412 237 487 κατηγορεῖ
256 397 319 485 τὴν
341 400 485 485 γένεσιν·
510 396 639 487 οὐγὰρ
661 395 705 466 δν
728 403 776 477 είς
797 401 896 466 τοῦτο
920 398 1072 484 μετέβαλ-
1091 412 1115 465 Β

56 514 115 573 λεν
143 501 165 572 6
189 502 311 592 πικρόν
339 506 442 592 ἐστιν,
474 509 505 572 εί
531 502 575 592 μὴ
598 505 653 573 καί
675 503 809 582 πάντας
831 500 920 594 αὐτῷ
943 507 1075 591 προσῆν

58 613 91 692 ἐξ
124 608 227 698 ἀρχῆς
255 614 370 695 τοῦτο,
407 608 466 696 ἀφ’
498 602 540 679 οὗ
571 608 654 698 πρὸς
685 607 722 677 τὸ
753 610 868 696 ἕτερον
895 611 1074 696 μετέπιπτε.

30 721 164 785 σσῦκον
187 716 225 784 δὲ
248 713 311 784 οὐκ
333 715 489 803 αἰσθήσει
512 714 622 803 μόνον
639 713 717 803 ἡδύ,
740 712 897 782 ἀλλὰκαὶ
916 712 1074 784 άναδόσει

56 823 209 911 κρεῖττόν
237 824 338 891 ἐστιν.
384 819 471 890 οὕτω
500 824 540 889 δέ
562 823 653 890 ἐστιν
676 817 871 909 ἀνθρώποις
894 817 1074 909 ὠφέλιμον,
1126 820 1133 833 ’

57 929 142 999 ὥστε
168 931 223 998 καλ
251 927 521 1017 ἀλεξιφάρμακον
549 925 630 996 αὐτὸ
659 926 784 1006 παντὸς
811 923 971 1015 ὀλεθρίου
992 955 1076 1016 φαρ·

57 1035 168 1123 μάκου
200 1036 306 1122 φησὶν
334 1032 560 1123 Ἀριστοτέλης
591 1032 693 1118 εἶναι,
729 1030 794 1100 κάν
824 1047 896 1113 τοῖς
927 1038 1078 1114 δείπνοις

59 1139 122 1224 οὐκ
144 1141 249 1210 άλλου
271 1139 365 1220 τινὸς
386 1137 407 1228 ἢ
429 1139 554 1209 τούτου
575 1139 675 1228 χάριν
695 1142 765 1207 τῶν
788 1138 979 1225 ἐδεσμάτων
997 1165 1076 1229 προ-

18 1272 45 1312 ιο
58 1254 311 1336 παρατίθεσθαί
347 1273 383 1315 τε
419 1247 475 1315 καὶ
491 1278 494 1284 ·
511 1249 879 1334 ἐπιτραγηματίζεσθαι,
924 1247 1076 1337 καθάπερ

56 1352 132 1431 ,ἀντ’
159 1353 261 1441 άλλης
283 1351 374 1432 τινὸς
396 1350 579 1439 άλεξήσεως
602 1357 692 1440 ίερᾶς
713 1369 787 1433 ταῖς
804 1359 872 1423 τῶν
890 1354 1078 1442 βρωμάτων
1096 1364 1119 1420 O

61 1461 207 1542 ἀδικίαις
232 1459 550 1548 περιπτυσσόμενον.
593 1460 649 1527 καὶ
676 1459 745 1547 μὴν
768 1459 819 1529 ὅτι
842 1463 898 1531 καί
921 1470 1016 1541 θεοίς
1037 1460 1075 1530 τδ
1091 1493 1119 1533 ιε
1194 1519 1196 1522 v

61 1572 169 1638 σῦκον
192 1564 377 1651 ἀνάκειται,
406 1565 461 1633 καὶ
483 1570 609 1644 θυσίας
630 1565 722 1632 ἐστίν
745 1563 875 1654 ἁπάσης
897 1567 1078 1654 ἐμβάμιον,

22 1661 24 1666 .
60 1675 116 1744 καλ
154 1672 205 1744 ότι
240 1670 364 1751 παντὸς
399 1673 589 1757 λιβανωτοῦ
619 1685 770 1759 κρεῖττον
803 1674 836 1752 ἐς
866 1672 1079 1758 θυμιάματος

18 1809 46 1850 15
61 1788 243 1850 σκευασίαν
266 1781 371 1863 ἐστίν,
404 1773 466 1845 οὐκ
489 1775 568 1862 ἐμὸς
590 1781 676 1857 ίδιος
699 1769 797 1858 οὗτος
820 1777 838 1846 6
863 1777 974 1863 λόγος,
1003 1774 1075 1846 ἀλλ’

61 1886 153 1966 ὅστις
187 1911 250 1973 την
286 1888 402 1972 χρείαν
434 1879 540 1950 αὐτοῦ
572 1887 714 1969 ἔμαθεν,
752 1881 899 1952 οιδεν
877 1911 922 1963 ως
954 1881 1079 1972 ἀνδρὸς

61 1996 173 2080 σοφοῦ
200 1993 299 2061 καί
284 1988 488 2077 ιεροφάντου
514 1986 615 2072 λόγος
637 1988 715 2056 ἐστί.
759 1988 975 2116 Θεόφραστος
998 1989 1077 2059 666

61 2096 162 2177 καλὸς
185 2098 223 2165 ἐν
245 2094 408 2184 γεώργίας
430 2094 680 2181 παραγγέλμασι
700 2091 759 2173 τὰς
778 2098 854 2168 τῶν
868 2094 1078 2184 ἕτεροφότων

62 2207 216 2292 δένδρων
238 2205 384 2289 γενέσεις
408 2201 550 2278 ἐκτιθεὶς
571 2197 670 2267 καὶ”
650 2220 713 2268 οσα
731 2199 950 2290 άλληλοόχοις
969 2204 1078 2288 ἐγκεν-
1096 2211 1124 2265 D

18 2337 48 2377 σο
61 2315 211 2398 τρίσεσιν
239 2317 333 2392 είκει,
364 2305 502 2375 πάντων
530 2331 622 2392 οιμαι
643 2310 713 2374 τῶν
735 2312 852 2394 φυτῶν
875 2312 1002 2397 μᾶλλον
1026 2309 1079 2375 ἐπ-

63 2430 153 2485 αινεῖ
177 2417 236 2501 τῆς
259 2415 363 2498 συκῆς
388 2408 426 2480 τὸ
456 2411 601 2499 δένδρον
624 2409 670 2491 ὡς
692 2407 735 2480 διν
757 2421 909 2501 ποικίλης
930 2414 995 2490 καὶ,
1009 2419 1078 2481 δια-

62 2523 175 2610 φόρου
207 2521 367 2608 γενίσειος
398 2515 550 2586 δεκτικὸν
576 2518 632 2585 καί
659 2518 769 2606 μόνον
795 2524 864 2589 τῶν
893 2518 1005 2590 ἄλλων
1028 2521 1079 2590 εὕ-

62 2638 166 2700 κολον
188 2631 350 2696 παντοίου
372 2627 493 2710 γένους
511 2626 659 2711 ἐνεγκεῖν
676 2625 837 2713 βλάστην,
861 2637 957 2707 εἴτις
975 2624 1080 2695 αὐτοῦ

63 2740 133 2805 τῶν
154 2732 289 2802 κλάδων
312 2729 457 2818 ἐκτεμὼν
479 2730 635 2816 ἕκαστον,
665 2727 735 2798 εἶτα
759 2731 897 2819 ἐκρήξας
919 2729 1025 2851 άλλην
1048 2734 1081 2812 ἐς

132 2961 148 3009 3
167 2945 231 3026 6]
220 2940 241 3007 6
261 2956 329 3007 Rsk
350 2954 443 3005 Verba
462 2941 477 3005 6
495 2946 598 3032 πικρόν
617 2944 694 3003 ἐστιν
712 2959 841 3020 suspecta
859 2959 924 3007 sunt
941 2955 1080 3005 Herchero

64 3031 80 3080 5
98 3020 187 3077 σάκον
199 3007 231 3082 V,
251 3028 279 3073 et
296 3024 338 3074 sie
356 3022 405 3072 ubi
424 3036 460 3071 ue
475 3020 480 3079 Ι
500 3012 579 3086 ,,ηδό
597 3035 631 3070 ex
643 3021 766 3100 margiqe
779 3023 831 3072 hue
842 3023 1008 3072 translatum
1020 3038 1081 3074 esso

64 3092 200 3146 videtur“
214 3090 297 3142 Hrch.
334 3038 968 3168 ⁷62⁸6t6606⁰t22⁰⁹-·61206622⁰v]„bobeqlss
978 3090 1079 3143 Parall.

64 3179 91 3226 p
102 3160 181 3215 5376
199 3157 286 3210 Hrch.
305 3156 346 3208 Cf.
365 3157 463 3208 Suidas
481 3173 506 3210 v.
517 3154 604 3209 σῦκον
620 3153 625 3218 Ι
640 3151 796 3222 φάρμακον
814 3157 839 3207 V
873 3148 963 3208 8κάν
982 3156 1080 3233 Hrch.]

64 3225 115 3281 καί
184 3230 246 3279 θοί
265 3229 297 3277 10
307 3223 600 3308 προπαρατίθεσθαι
618 3221 713 3288 Hreh]
731 3223 929 3288 προτίθεσθαι
986 3229 1017 3275 12
1036 3212 1080 3276 ότι
1144 3264 1147 3270 ,

64 3293 219 3354 καλθεοις
238 3281 322 3358 Η]”
305 3308 385 3346 οτι..
384 3289 556 3353 θ.οιςν,
584 3275 767 3350 ότιθεοῖςτ
837 3294 866 3343 17
886 3288 1081 3375 Θεόφραστος]

64 3365 139 3414 Hint.
160 3360 250 3412 Plant
270 3362 314 3424 11,
335 3362 363 3420 1;
381 3362 435 3422 5,4,
455 3362 478 3410 7
515 3360 596 3410 Caua
612 3355 1081 3437 ΡΙεη1.Ι,6.18παραγγε’λ·

64 3447 135 3496 ματι
154 3430 178 3477 V
236 3431 268 3478 19
287 3395 431 3504 ἐντιθείς
434 3428 458 3476 V
476 3427 573 3492 spanh.
589 3415 663 3508 Ιόσα
682 3397 848 3505 θίολεηίε]·”
833 3442 899 3478 οοαι
957 3430 990 3478 20
1009 3427 1081 3478 είκει

64 3495 163 3562 Hrch.]
185 3494 294 3549 εἴκουσι
363 3496 395 3545 21
415 3481 451 3545 66
469 3493 568 3560 Hreh.]
588 3483 749 3559 6126*
731 3511 767 3546 αν
786 3511 849 3548 τιν
