2416 3864
248 174 253 187 ι
327 155 508 208 εειετοτε
525 154 576 205 ιο
593 157 834 209 υποιιιετιυιι.
1024 157 1087 223 343

68 284 194 371 ταύτης
222 281 428 371 φρονήσεως,
456 280 594 370 ἀληθείς
622 282 660 352 δέ
678 279 762 373 ὑπὲρ
784 287 846 353 τοῦ
873 289 959 354 θεοῦ
988 285 1088 368 δόξας

69 389 257 477 ἀναλαβεῖν
275 385 339 457 ούκ
366 386 484 477 ἀρετῆς
502 389 610 477 μόνον
636 393 695 477 της
711 397 838 472 τελείας
865 397 966 479 ἔργον
985 394 1086 478 ἐστίν,

71 494 144 566 ἀλλ’
180 494 385 582 ἐπιστήσειεν
417 492 460 563 ἀν
491 522 540 577 τις
572 496 722 582 εἰκότως,
758 496 901 585 πότερον
931 496 992 586 χρὴ
1025 496 1127 567 τὸνΒ

70 604 228 673 τοιοῦτον
260 599 368 690 ἀνδρα
396 596 417 688 ἢ
449 598 534 670 θεὸν
561 612 683 672 καλεῖν.
729 608 760 671 εί
785 601 849 692 γὰρ
882 599 994 692 ὀρθῶς
1022 609 1087 691 ἔχει

46 707 108 783 ετὸ
137 708 330 796 λεγόμενον,
358 705 410 777 ὅτι
436 710 587 795 πέφυκεν
604 711 745 778 ἕκαστον
772 705 838 778 ὑπὸ
857 713 926 779 τῶν
953 716 1087 779 οἰκείων

72 820 315 904 γνωρίζεσθαι,
350 812 413 901 τὴν
449 820 550 883 θείαν
587 812 709 884 ούσίαν
741 810 760 884 ὁ
794 822 962 905 γνωρίσας
992 816 1087 897 θεῖός

70 950 120 1003 τις
148 916 192 989 ἀν
220 919 355 1000 είκότως
381 926 558 1008 νομίζοιτο.
603 917 675 989 ἀλλ’
706 919 818 1009 ἐπειδὴ
849 922 951 991 πάλιν
978 925 1086 992 ἐοίκα-

70 1056 133 1116 μεν
165 1033 214 1108 είς
249 1024 310 1095 τὸν
341 1025 597 1116 θεωρηματικὸν
629 1023 834 1116 ὁρμήσαντες
870 1034 948 1114 βίον
978 1029 1086 1120 τούτῳ
1181 1038 1184 1044 ’

70 1133 297 1221 παραβάλλειν
323 1131 383 1222 τὸν
401 1133 594 1221 πρακτικόν,
621 1135 654 1214 ἐξ
674 1130 775 1222 ἀρχῆς
793 1137 1087 1223 παραιτησαμένου

32 1274 57 1312 ιο
70 1241 129 1310 καὶ
157 1242 221 1307 σού
247 1237 310 1326 την
338 1239 525 1327 σύγκρισιν,
552 1236 666 1309 αὐτῶν
694 1242 842 1330 ἐκείνων,
870 1233 919 1310 ὦν
946 1241 1121 1330 &temni-C

71 1357 171 1434 σθης,
197 1343 337 1434 Ἀρείου,
365 1344 548 1434 Νικολάου,
573 1345 773 1436 Θρασύλλου
800 1349 855 1417 καὶ
874 1354 1086 1418 Μουσωνίου

56 1452 303 1541 μνημονεύσω.
348 1450 478 1521 τούτων
514 1450 578 1543 γάρ
611 1450 673 1540 ούχ
705 1451 795 1536 ὅπως
826 1482 875 1536 τις
901 1446 945 1542 ἦν
971 1455 1087 1545 κύριος

70 1562 131 1647 τῆς
158 1554 264 1627 αὑτοῦ
282 1558 418 1644 πόλεως,
446 1555 518 1627 ἀλλ’
549 1555 568 1627 ὁ
595 1558 656 1646 μλν
675 1556 814 1647 Ἄρειος,
841 1557 887 1640 ὡς
909 1568 1004 1648 φασί,
1031 1562 1086 1630 καὶ

72 1667 257 1754 διδομένην
287 1661 379 1757 αύτῷ
415 1661 477 1752 τὴν
509 1673 685 1751 Αἴγυπτον
716 1667 949 1753 ἐπιτροπεῦσαι
981 1692 1086 1755 παρη-

31 1806 57 1846 15
71 1772 216 1860 τήσατο,
255 1769 449 1860 Θράσυλλος
484 1770 523 1839 δδ
562 1776 703 1863 Τιβερίῳ
740 1775 848 1864 πικρῷ
889 1773 944 1840 καλ
985 1771 1086 1860 φύσει

71 1881 203 1970 χαλεπῷ
229 1877 385 1969 τυράννῳ
413 1878 665 1968 ξυγγενόμενος,
693 1883 725 1948 εί
749 1876 793 1967 μὴ
814 1875 870 1946 διὰ
891 1880 960 1947 τῶν
986 1905 1085 1946 κατα-

71 1987 283 2074 λειφθέντων
318 1981 376 2054 ύπ’
411 1982 517 2054 αύτού
553 1985 664 2071 λόγων
702 1981 943 2072 ἀπελογήσατο,
976 1986 1121 2065 δείξαςΙ)

70 2090 164 2173 ὅστις
194 2084 253 2180 ἦν,
287 2083 400 2179 ὦφλεν
431 2087 474 2161 ἀν
501 2097 549 2175 είς
579 2092 673 2172 τέλος
705 2091 870 2179 αἰσχύνην
897 2085 1085 2161 ἀνακάλλα-

70 2227 165 2286 κτον,
193 2196 300 2280 οὕτως
327 2195 431 2268 αύτὸν
459 2195 561 2267 ούδέν
590 2195 721 2285 ὤνησεν
748 2193 768 2285 η
797 2203 955 2283 πολιτεία,
983 2195 1086 2265 Νικό-

30 2339 58 2379 ιο
70 2315 153 2385 λαος
180 2304 218 2373 δέ
244 2304 398 2394 πράξεων
425 2303 486 2393 μὲν
514 2302 556 2374 ού
574 2304 726 2393 μεγάλων
745 2301 932 2393 αύτουργὸς
959 2305 1086 2391 γέγονε,

70 2412 240 2501 γνώριμος
267 2412 307 2480 δέ
332 2414 400 2480 ἐστι
428 2414 555 2499 μᾶλλον
583 2409 640 2480 διά
667 2409 747 2493 τοὺς
780 2407 862 2500 ὑπὲρ
890 2407 1004 2479 αὐτῶν
1031 2409 1085 2479 λό-

70 2546 172 2605 γους,
203 2519 259 2586 καλ
292 2516 497 2598 Μουσώνιος
529 2520 562 2599 ἐξ
595 2509 644 2585 εδν
676 2523 803 2587 ἔπαθεν
835 2514 999 2606 ἀνδρείως
1029 2519 1087 2585 καὶ

70 2624 114 2712 νη
143 2620 203 2692 Δί’
232 2621 372 2712 ἤνεγκεν
403 2627 569 2712 ἐγκρατῶς
596 2621 658 2712 τὴν
690 2627 758 2691 των
789 2623 967 2713 τυράννων
999 2619 1086 2710 ἀμό-

71 2758 155 2819 τητα
180 2715 299 2818 γέγούε
317 2730 494 2819 γνώριμος,
522 2739 603 2811 ίσως
630 2726 693 2799 ούκ
711 2734 848 2797 ἔλαττον
875 2725 1088 2817 εὐδαιμονῶν

32 2869 60 2908 τε
74 2839 211 2906 ἐκείνων
238 2839 306 2905 τῶν
333 2835 391 2917 τὰς
409 2835 553 2925 μεγάλας
571 2834 883 2925 ἐπιτροπευσάντων
910 2838 1086 2920 βασιλείας.

64 2940 196 3033 ’Ἀρειος
222 2942 259 3012 δὲ
287 2938 313 3011 δ’
333 2941 394 3030 την
423 2939 603 3031 ἐπιτροπὴν
633 2944 692 3030 της
720 2939 896 3026 Αἰγύπτου
922 2964 1141 3028 παραιτη-οεο

73 3049 216 3138 σάμενος
244 3047 329 3118 ἑκὼν
352 3040 462 3117 αὑτὸν
480 3044 650 3137 ἀπεστέρει
676 3050 738 3116 τοῦ
755 3051 933 3135 κρατίστου
960 3046 1086 3131 τέλους,

110 3263 115 3270 ’
160 3260 172 3304 1
199 3249 322 3321 ἀληθεῖς
340 3256 398 3309 Pet.
418 3252 530 3320 ηοστιλε]
550 3244 694 3320 ἀληθείας
763 3255 779 3301 2
801 3249 852 3316 τῆς
876 3266 927 3305 om.
946 3255 1002 3316 pet,
1071 3251 1087 3298 6

72 3324 161 3398 θεῖος
178 3319 219 3402 Hl
244 3317 334 3400 vohs,
376 3324 431 3400 „10
457 3319 509 3373 καί
529 3320 583 3401 μού
602 3318 649 3399 V]‘
668 3335 719 3371 σου
739 3325 812 3399 μοι,
836 3315 887 3369 καλ
910 3332 962 3369 σου
989 3317 1087 3383 ερεολι.

74 3394 106 3443 13
125 3407 218 3443 αντον
236 3387 275 3455 Η]
296 3406 389 3442 αυτου
469 3391 501 3439 17
519 3389 720 3455 απελογησατο
737 3385 773 3452 V]
793 3384 985 3452 απελογίσατο
1055 3386 1087 3434 18

73 3446 171 3578 ἑφλεν
188 3458 216 3507 Η
235 3463 264 3509 et
283 3455 361 3524 coh]
380 3446 505 3522 ὤφειλεν
592 3460 624 3508 23
651 3447 687 3522 νὴ
707 3446 756 3506 Δί’
776 3445 899 3521 ἤνεγκεν
922 3448 1001 3520 Oob.]
1027 3443 1096 3519 [μὴΓ

94 3541 229 3593 ιηνεγκεν
