2446 3870
149 167 213 230 240
452 168 595 220 IULIANI
616 167 862 220 IMPERATORIS

150 305 241 384 εἰπερ
287 293 409 365 ἑαυτὸν
454 291 613 383 ἀγνοοίη·
659 294 768 364 πάντα
815 292 878 383 γάρ
920 291 1021 377 αύτός
1062 297 1164 380 ἐστιν,

150 411 241 492 είπερ
268 403 324 471 καὶ
353 403 390 470 ἐν
417 403 525 493 ἑαυτῷ
543 403 599 469 καὶ
626 397 705 489 παρ’
737 402 844 492 ἑαυτῷ
872 407 937 488 ἔχει
955 403 1024 469 τῶν
1053 396 1164 474 ὁπωσ-

135 511 213 596 οῦν
244 505 354 576 ὄντων
394 506 453 588 τὰς
484 512 605 593 αἰτίας,
643 516 708 602 εἴτε
745 503 927 578 ἀθανάτων
958 504 1164 595 ἀθανάτους,

131 624 213 684 ἐίτε
251 613 418 702 ἐπικήρων
450 609 492 682 ού
522 610 652 701 θνητὰς
684 608 764 682 ούδέ
800 612 993 703 ἐπικηρους,
1031 610 1165 696 ἀιδίους

149 719 186 788 δέ
224 721 279 789 καί
316 719 483 808 μενούσας
518 715 570 788 ἀεὶ
606 720 663 788 καὶ
701 718 774 808 (αἳ)
811 717 942 800 τούτοις
982 721 1070 789 είσλυ
1112 727 1191 792 oti-⁵

110 831 216 896 Οτίαι
246 828 305 914 τῆς
336 823 548 912 ἀειγενεσίας.
593 821 668 894 ἀλλ’
698 815 797 906 οὗτος
828 823 889 912 μὲν
922 821 940 894 ὁ
967 825 1067 914 λόγος
1095 829 1164 895 ἐστὶ

149 938 279 1020 μείζων.
314 948 315 952 ’

221 1035 294 1106 Ὅτι
322 1037 360 1108 δέ
386 1045 446 1125 μία
473 1041 511 1106 τέ
535 1040 625 1106 ἐστιν
652 1035 796 1125 ἀλήθεια
813 1038 870 1106 καί
897 1043 1086 1124 φιλοσοφία
1104 1045 1165 1127 μία

148 1146 204 1215 καὶ
230 1143 353 1232 ταύτης
379 1144 466 1212 εἰσὶν
497 1145 632 1232 ἐρασταὶ
659 1143 844 1230 ξύμπαντες
876 1132 925 1213 ὦν
950 1130 991 1212 τε
1017 1139 1165 1234 ὑπεμνη-

149 1260 240 1337 σθην
272 1251 377 1340 μικρῷ
409 1248 573 1338 πρότερον
609 1238 659 1317 οἷν
689 1275 725 1321 τε
757 1250 793 1317 ἐν
830 1253 908 1338 δίκη
940 1252 1006 1318 νύν
1037 1259 1163 1338 εἴποιμι
1180 1281 1202 1319 ιο

149 1351 192 1423 ἀν
222 1351 388 1442 τούνομα,
419 1352 498 1433 τούς
529 1357 590 1448 τοῦ
622 1356 761 1435 Κιτιέως
798 1350 954 1443 ὁμιλητὰς
990 1357 1092 1443 λέγω,
1130 1363 1167 1426 οἳ

148 1459 207 1541 τὰς
233 1460 345 1540 πόλεις
378 1459 505 1541 ἰδόντες
532 1457 846 1550 ἀποδιδρασκούσας
876 1458 914 1530 τὸ
942 1459 1163 1552 λίανχάιιραιὲ

149 1565 231 1653 φνὲς
262 1568 318 1635 καὶ
349 1563 503 1655 καθαρὸν
534 1568 592 1654 της
625 1569 818 1655 ἐλευθερίας
845 1569 906 1636 τού
938 1566 1041 1648 κυνὸς
1072 1570 1162 1638 ἐσκέ-

106 1687 262 1743 θπασαν
294 1670 399 1742 αύτδν
431 1669 541 1763 ὥσπερ
574 1670 666 1761 οἶμαι
701 1673 999 1763 παραπετάσμασιν
1031 1678 1162 1744 οἰκονο-

149 1786 209 1870 μία
236 1781 292 1848 καὶ
319 1782 360 1868 τῇ
386 1782 622 1869 χρηματιστικῇ
654 1780 710 1848 καὶ
734 1781 780 1870 τῇ
812 1777 896 1869 πρὸς
926 1777 989 1867 τὴν
1017 1796 1163 1866 γυναῖκα
1177 1808 1198 1851 ιε

149 1885 286 1978 συνόδηι
324 1886 379 1955 καὶ
417 1890 658 1976 παιδοτροφίᾳ,
700 1881 745 1954 ἵν’
785 1883 878 1973 οἶμαι
918 1899 991 1966 ταῖς
1025 1887 1163 1956 πόλεσιν

149 1989 254 2063 αὐτὸν
281 1992 427 2080 ἐγγύθεν
454 1987 654 2080 ἐπιστήσωσι
681 1985 828 2078 φύλακα·
857 1988 908 2060 ὅτι
932 1990 969 2060 δὲ
986 1990 1024 2061 τὸ
1046 1995 1162 2062 Γνῶθι

150 2097 275 2168 σαυτὸν
301 2098 486 2185 κεφάλαιον
512 2104 664 2167 τίθενται
682 2103 895 2185 φιλοσοφίας,
924 2093 966 2166 ού
994 2097 1102 2186 μόνον
1130 2101 1162 2180 ἐξ

150 2195 199 2272 ἀν
225 2205 466 2291 κατεβάλλοντο
494 2204 759 2293 ξυγγραμμάτων
790 2200 874 2293 ὑπὲρ
906 2199 1012 2273 αὐτοῦ
1039 2205 1162 2274 τούτου

148 2316 321 2397 πεισθείης
347 2307 406 2396 ἄν,
438 2319 529 2399 είπερ
558 2311 701 2394 ἐθέλοις,
734 2307 817 2378 ἀλλά
848 2307 935 2380 πολὺ
966 2312 1069 2379 πλέον
1096 2308 1162 2380 ἀπὸ
1177 2340 1200 2378 ιο

149 2416 212 2482 τοῦ
242 2416 301 2501 τῆς
328 2422 532 2503 φιλοσοφίας
562 2416 690 2496 πίλους·
723 2412 761 2485 τὸ
788 2415 853 2505 γὰρ
886 2411 1164 2505 ὁμολογουμένως

98 2522 215 2608 ιεοζῆν
241 2523 281 2609 τῇ
309 2520 410 2608 φύσει
441 2522 533 2601 τέλος
561 2519 775 2609 ἐποιήσαντο,
804 2512 908 2612 οὗπερ
936 2518 997 2610 ούγ
1026 2517 1102 2591 οἷόν
1128 2551 1163 2592 τε

148 2642 262 2714 τυχεῖν
292 2624 354 2697 τὸν
385 2623 590 2714 ἀγνοοῦντα,
626 2633 678 2710 τίς
709 2629 765 2696 καί
797 2623 913 2709 ὁποῖος
943 2628 1106 2713 πέφυκεν·
1144 2626 1163 2698 ὁ

149 2726 216 2822 γάρ
243 2729 388 2819 ἀγνοῶν,
416 2729 507 2814 ὅστις
534 2736 636 2820 ἐστίν,
659 2730 723 2807 ούκ
741 2742 863 2805 είσεται
882 2733 1067 2821 δήπουθεν,
1095 2732 1163 2822 ὅ,τ,ι

108 2893 118 2903 .
148 2839 306 2930 πράττειν
333 2841 442 2931 ἑαυτῷ
473 2839 648 2929 προσήκει,
677 2837 788 2930 ὥσπερ
821 2836 901 2911 ούδέ
928 2837 989 2908 τὸν
1021 2845 1164 2930 σίδηρον
1177 2868 1200 2908 ει

149 2943 285 3032 ἀγνοῶν
312 2955 444 3033 εἴσεται,
471 2954 536 3015 είτε
558 2943 649 3038 αύτῷ
676 2948 809 3036 τέμνειν
827 2955 892 3016 εἴτε
919 2945 963 3034 μὴ
991 2946 1162 3037 προσήκει,

148 3054 204 3124 καὶ
232 3049 314 3123 ὅτου
342 3058 398 3122 δεῖ
420 3055 466 3145 τῷ
495 3051 621 3145 σιδήρῳ
649 3050 735 3142 πρὸς
760 3050 799 3121 τὸ
827 3051 999 3121 δύνασθαι
1026 3051 1064 3121 τὸ
1084 3055 1162 3122 ἑαυ-

148 3162 211 3230 τοῦ
245 3159 413 3250 πράττειν·
450 3154 522 3228 ἀλλ’
562 3155 612 3228 ὅτι
649 3158 710 3246 μὲν
745 3153 767 3248 ἡ
804 3164 991 3246 φιλοσοφία
1031 3165 1091 3247 μία
1127 3162 1166 3229 τί

234 3393 387 3468 θίγειΗ]
417 3395 477 3467 ἐγοι
562 3397 652 3452 θκαλ
670 3395 702 3450 αἳ
720 3398 755 3466 Η]
773 3396 874 3462 καὶν,
898 3395 997 3450 αἳκαλ
1015 3399 1076 3450 Pet.
1148 3404 1164 3451 8

143 3458 290 3585 έηῗυὸξ]
317 3459 377 3520 ἐστι
463 3470 497 3521 20
521 3461 933 3534 nuovsssk.et}1]uuova
1019 3470 1053 3520 26
1080 3460 1163 3534 ου’δδ]
