2446 3870
149 159 210 224 102
447 158 863 212 ιυιιιυιιιιειιιιιιοιιιε

147 285 213 377 ἀρα
240 285 320 371 τοὺς
351 289 413 378 μὲν
443 285 579 369 παιδιάς
606 282 816 377 ἀποφήνητε,
849 286 1015 376 σοφιστήν
1043 288 1080 358 δέ
1108 288 1166 377 ἐμὲ

147 396 281 482 γελοῖον
299 397 355 464 καί
374 392 501 485 ἀμαθή,
519 393 807 485 μεταποιούμενον
824 395 951 483 τίχνης,
968 385 1010 484 ής
1029 394 1166 487 σφόδρα

104 498 292 592 Βάπείρως
317 507 407 590 ἐχειν
433 498 596 592 ὁμολογῶ,
624 497 669 583 ὥς
696 499 729 588 γ’
760 503 832 591 ἐμοὶ
857 501 943 592 πρὸς
969 496 1057 590 ὑμᾶς
1085 497 1166 591 δμο-

147 608 309 696 λογητέου
342 610 411 678 ἐστὶ
442 608 522 690 τοὺς
554 605 692 695 ἀληθεῖς
724 612 884 689 ἐπαίνους
916 606 1074 690 διεξιόντι
1107 613 1166 679 καλ

148 704 197 783 ἀν
224 710 362 784 ἀκούειν
394 712 490 796 ἀξιον
516 711 598 804 ὑμῖν
616 723 760 801 ὀίεσθε,
793 720 826 784 εί
850 716 906 783 καλ
933 711 1193 807 ἀγροικότεροιε

146 822 204 890 καί
231 821 388 903 ἐλάττους
405 825 522 914 μακρῷ
550 823 619 891 τῶν
638 823 814 911 ῥηθέντων
831 835 902 902 τοῖς
928 829 1064 903 πολλοῖς
1083 829 1165 911 φαί-

146 952 272 996 νοιντο.
321 933 353 997 εί
383 930 435 1016 δέ,
472 926 553 1021 ὅπερ
589 933 782 1018 ἔμπροσθεν
818 933 921 1016 ἐφην,
957 925 1165 1016 ἀποδέχεσθε

146 1031 226 1114 τούς
253 1036 393 1104 ἐκείνων
419 1036 572 1124 ποιητάς,
606 1036 678 1122 ἐμοὶ
711 1034 773 1122 μὲν
800 1031 928 1104 ἀνεῖται
955 1032 992 1103 τὸ
1021 1035 1096 1116 δίος
1124 1027 1167 1104 εὖ

146 1140 242 1228 μάλα.
289 1137 330 1210 οὗ
363 1139 427 1231 γὰρ
458 1142 568 1211 πάντα
598 1135 681 1228 ὑμῖν
708 1137 831 1221 ἀτοπος
858 1143 1047 1230 φανοῦμαι,
1079 1137 1167 1211 ἀλλά

146 1248 281 1316 πολλῶν
307 1246 369 1335 μὲν
398 1246 489 1335 οἶμαι
512 1245 728 1338 φαυλότερος,
755 1243 828 1317 κατ’
858 1244 1005 1336 ἐμαυτόν
1032 1247 1071 1316 δέ
1097 1250 1166 1330 ἐξε-
1182 1280 1209 1322 ιο

96 1366 131 1415 80
148 1351 326 1439 ταζόμενος
362 1349 405 1423 οὐ
441 1353 654 1424 παντάπασιν
689 1350 878 1441 ἀπόβλητος
910 1350 991 1423 οάδδ
1027 1350 1168 1437 ἀτόποις

147 1459 331 1547 ἐπιχειρῶν.
372 1455 455 1547 ὑμῖν
474 1460 512 1529 δὲ
530 1469 611 1542 ίσως
634 1456 677 1528 οὐ
695 1460 816 1553 ῥᾴδιον
843 1474 964 1548 σοφοῖς
981 1462 1037 1530 καλ
1055 1468 1167 1544 θείοις

146 1560 297 1633 ἀπιστεῖν
324 1562 501 1656 ἀνδράσιν,
530 1572 566 1635 οδ
590 1565 633 1656 δή
661 1568 797 1654 λέγουσι
813 1563 921 1636 πολλὰ
939 1565 1001 1655 μὲν
1023 1569 1167 1649 ἕκαστος

148 1676 230 1762 ίδίηι,
256 1667 295 1740 τὸ
322 1671 507 1760 κεφάλαιον
535 1675 575 1742 δέ
600 1677 669 1743 ἐστι
691 1676 760 1742 τῶν
787 1671 898 1759 λόγων
925 1670 1044 1762 ἀρετής
1071 1679 1165 1743 ἔπαι-

147 1803 214 1858 νος.
255 1778 381 1868 ταύτην
409 1779 447 1849 δὲ
473 1781 514 1869 τή
540 1783 631 1871 ψυχή
664 1799 769 1868 φασιν
797 1777 987 1868 ἐμφύεσθαι
1013 1782 1070 1849 καλ
1103 1778 1165 1849 αά-
1180 1810 1205 1851 ιο

146 1881 210 1972 τήν
246 1880 449 1974 ἀποφαίνειν
485 1882 673 1977 εὐδαίμονα
708 1887 765 1956 καί
801 1883 978 1974 βασιλικήν
1013 1888 1071 1955 καὶ
1107 1890 1166 1956 ναὶ

146 1988 193 2078 μά
211 1997 281 2061 Δία
307 1990 480 2082 πολιτικήν
506 1995 563 2063 καὶ
591 1990 816 2084 στρατηγικὴν
843 1992 900 2062 καὶ
925 1992 1166 2083 μεγαλόφρονα

146 2099 203 2166 καὶ
231 2106 397 2170 πλουσίαν
414 2127 452 2187 γε
470 2098 617 2189 ἀληθῶς,
645 2096 688 2169 οὐ
714 2097 751 2168 τὸ
770 2097 995 2187 Κολοφώνιον
1018 2103 1166 2187 ἐχουσαν

147 2210 289 2292 χρυσίον

107 2333 130 2386 Β
232 2323 316 2397 Οὐδ’
335 2321 410 2397 Ιὅσα
437 2329 551 2410 λάινος
579 2324 681 2409 οὐδὸς
708 2325 877 2419 ἀφήτορος
905 2326 998 2410 ἐντὸς
1026 2335 1120 2418 ἔεργε
1177 2359 1200 2398 ιο

90 2530 92 2537 Ι
146 2447 184 2518 τὸ
212 2451 293 2540 πρίν
321 2448 372 2520 ἐπ’
402 2452 547 2541 εἰρήνης,
575 2449 629 2520 ὅτε
656 2442 699 2540 ήν
718 2447 807 2543 όρθά
833 2450 875 2520 τά
901 2454 971 2521 τῶν
993 2448 1163 2542 Ἑλλήνων

145 2553 338 2645 πράγματα,
375 2555 457 2628 οὐδὲ
490 2561 616 2647 ἐσθήτα
651 2561 815 2647 πολυτελῆ
847 2559 904 2628 καί
936 2558 1074 2649 ψήφους
1103 2557 1163 2629 Ἰν-

147 2658 244 2742 δικάς
270 2665 326 2731 καί
353 2667 414 2752 γής
439 2667 598 2755 πλέθρων
616 2664 781 2755 μυριάδας
807 2664 898 2734 πάνυ
924 2665 1059 2752 πολλάς,
1088 2662 1161 2735 ἀλλ’

148 2762 167 2837 ὃ
195 2767 333 2839 πάντων
360 2768 427 2859 ἅμα
454 2770 584 2841 τούτων
610 2772 667 2841 καί
689 2785 840 2861 κρεῖττον
866 2771 923 2840 καί
948 2773 1162 2862 θεοφιλέστε-

71 2876 75 2880 ”
147 2902 220 2964 ρον,
248 2871 267 2944 ό
295 2877 352 2945 καί
380 2879 417 2946 ἐν
444 2884 623 2965 ναυαγίαις
650 2883 758 2957 ἔνεστι
786 2877 1022 2946 διασώσασθαι
1048 2879 1105 2947 καί
1124 2881 1162 2946 ἐν
1176 2908 1200 2948 τε

147 2978 255 3074 ἀγορᾷ
287 2985 343 3052 καὶ
376 2985 414 3052 ἐν
445 2983 539 3077 δήμω
572 2985 628 3054 καί
655 2986 692 3053 ἐν
724 2989 814 3074 οίκία
845 2984 901 3052 καί
934 2980 985 3052 ἐπ’
1016 2987 1163 3074 ἐρημίας,

215 3202 229 3250 1
247 3197 370 3263 παιδιὰς
389 3200 530 3322 Cobetus}

147 3283 233 3347 νηται
251 3268 310 3319 VM
378 3259 496 3336 30307’
530 3265 580 3337 μοί
598 3266 674 3335 Eub]
665 3266 765 3335 ωστε
782 3284 831 3352 μοι
899 3260 969 3332 δάε
954 3267 1018 3332 ιον
1035 3217 1164 3336 υμνέ]

146 3337 219 3399 νμιν
243 3328 328 3400 ἀξιον
397 3340 429 3390 13
452 3333 566 3405 λέγουσι
583 3336 642 3387 VM
660 3335 744 3403 cant]
770 3333 899 3403 λέγουσιν
970 3338 1003 3388 18
1024 3332 1077 3389 καί
1098 3341 1165 3388 ante

146 3401 290 3455 πλουσίαν
308 3420 361 3456 om
379 3405 405 3456 V
473 3409 506 3458 20
523 3406 559 3459 ΙΙ
560 3405 633 3456 ad
635 3406 711 3468 ,404
729 3401 734 3471 Ι
755 3397 849 3472 ἐέργει
866 3405 948 3456 Hom.
998 3405 1032 3455 22
1050 3395 1166 3470 ἐσθῆτα

140 3468 264 3518 Ηοιλιελὶ
254 3468 309 3535 ms]
333 3467 408 3536 ἔθνη
431 3465 467 3524 τά
537 3475 570 3522 23
593 3441 667 3523 ἀλλὰ
684 3471 744 3523 VM
812 3473 846 3524 25
868 3469 1024 3539 ναυαγίαις
1041 3469 1078 3537 V]
1097 3488 1166 3524 ναυ-

127 3531 231 3594 ἅλ’ἴθς·
302 3540 338 3590 26
355 3491 480 3608 ἐρημίαις
496 3537 535 3608 Η]
556 3531 688 3608 ἐρημίαις

541 3199 696 3261 παιδείους
701 3202 750 3281 (εἰ
751 3199 777 3269 ο)
795 3201 829 3262 V,
848 3199 960 3282 παῖδας
977 3217 995 3252 v
1018 3192 1066 3266 Ι’
1048 3217 1132 3266 αποφ
