2408 3856
478 151 615 202 οιιιτιο
634 153 655 207 1.
1056 157 1077 221 3

29 274 181 360 Ιοὑτοὺς
224 276 399 358 ἐπιδόντες
438 279 506 345 τοῖν
551 279 702 369 πράξεων
743 276 858 368 ἀρκεῖν
903 278 1077 374 ᾠήθησαν,

55 394 83 456 εἰ
109 385 246 454 τούτων
272 385 332 469 τῆς
360 379 453 464 ἀξίας
479 383 524 472 μῆ
553 385 776 475 διαμάρτοιεν.
816 383 911 467 ἀξιον
939 388 976 457 δὲ
995 387 1076 475 ἀγα-

58 505 139 562 σθαι
156 489 221 578 τῆν
249 494 447 577 προθυμίαν
464 493 533 558 τῶν
561 488 696 581 ἀνδρῶν
715 487 883 579 ἁπάντων,
911 489 987 562 ὅσοι
1008 499 1077 564 τῶν

27 603 127 690 Ἰ,στὶυ
154 600 307 666 ἐπαίνων
334 591 474 682 ῆψαντο.
508 601 543 664 οί
567 596 629 685 μὲν
656 597 730 686 γάρ,
759 595 850 678 ὅπως
875 598 982 687 μηδὲν
1009 597 1074 670 ὑπὸ

40 708 117 774 5τοὺ
148 704 276 793 χρόνον
309 703 378 770 τῶν
412 721 465 770 σοι
495 705 715 792 πραχθέντων
748 701 983 795 ἀμαυρωθείη,
1015 704 1076 776 τὸν

69 813 214 897 μέγιστον
242 804 414 876 ὑποδῦναι
440 808 548 878 πόνον
575 808 770 897 ἐτόλμησαν,
799 814 835 877 οί
860 812 908 897 δέ,
937 808 987 880 ὅτι
1015 816 1075 882 τοὺ

32 907 37 969 ss
67 915 181 997 παντὸς
208 913 449 1002 διαμαρτήσειν
476 911 622 1000 ῆλπιζον,
649 913 711 1001 τῆν
740 910 853 983 αὑτῶν
872 916 1010 1005 γνώμην
1037 922 1075 987 ἐν

36 1076 40 1093 .,
68 1025 150 1111 μέρει
175 1020 392 1111 προύφηναν,
419 1017 558 1108 ἀμεινον
576 1023 637 1089 τοὺ
656 1023 715 1107 τῆς
733 1024 860 1108 σιωπῆς
887 1020 1074 1094 ἀκινδύνου
1094 1041 1116 1093 Β

30 1126 38 1209 J
70 1131 162 1217 γέρως
188 1133 366 1216 κρίναντες
392 1125 474 1194 κατὰ
503 1126 651 1214 δύναμίν
678 1148 732 1195 σοι
759 1129 828 1194 τῶν
857 1132 991 1197 οίκείων
1014 1130 1074 1202 πό-

29 1266 55 1318 2¹
71 1261 133 1302 νων
151 1231 371 1322 ἀπάρξασθαι.
405 1236 436 1299 εί
452 1231 515 1320 μὲν
534 1224 597 1300 οὑν
623 1234 680 1301 καὶ
699 1229 800 1313 αὐτὸς
827 1227 875 1314 εἷς
904 1230 952 1302 ἀν
980 1236 1073 1321 ἐτύγ-

25 1326 50 1411 ·,ι
69 1366 162 1425 χανον
196 1343 265 1407 τῶν
301 1335 381 1418 τοὺς
417 1336 656 1419 ἐπιδεικτικοὺς
696 1335 904 1423 ἀγαπώντων
942 1340 1074 1428 λόγους,

33 1468 45 1538 *r
71 1448 157 1534 ἐχρῆν
188 1446 349 1514 ἐντεῦθεν
381 1440 545 1531 ἀρχεσθαι
577 1446 635 1531 τῆς
661 1440 869 1532 ὑποθέσεως,
900 1445 963 1535 τήν
996 1457 1074 1536 ίσην

72 1549 194 1620 εὔνοιαν
227 1548 459 1638 ἀπαιτήσαντα
485 1552 543 1637 τῆς
570 1546 786 1640 ὑπαρχούσης
817 1549 881 1638 ῆδη
911 1572 965 1620 σοι
992 1550 1071 1641 παρ’

39 1690 40 1693 ¹
71 1651 152 1744 ῆμύυ
179 1660 234 1726 καὶ
265 1657 430 1742 δεηθέντα
458 1658 526 1723 τῶν
544 1655 655 1742 λόγων
683 1653 851 1745 ἀκροατὴν
879 1655 999 1746 εὑμενῆ
1019 1686 1073 1744 γε-

32 1762 186 1852 νέσθαι,
215 1760 291 1850 ούχὶ
320 1761 358 1832 δὲ
386 1758 505 1851 ἀκριβῆ
533 1763 589 1830 καὶ
617 1759 844 1852 ἀπαραίτητον
870 1762 988 1854 κριτήν
1014 1792 1072 1832 κα-

29 1923 33 1939 ,
70 1874 223 1957 ταστῆναι.
266 1869 337 1938 ἐπεὶ
365 1867 402 1936 δὲ
421 1869 458 1936 έν
486 1865 599 1949 ἀλλοις
617 1867 792 1956 μαθήμασι
819 1872 999 1958 τραφέντες
1016 1872 1112 1940 καίΟ

31 2006 36 2014 ¹
69 1977 306 2059 παιδευθέντες,
319 1973 477 2063 καθάπερ
497 1973 734 2061 ἐπιτηδεύμασι
755 1976 812 2042 καὶ
830 1975 956 2062 νόμοις,
976 1972 1072 2045 ἀλλο-

68 2089 156 2170 τρέων
183 2082 394 2167 κατατολμάν
414 2085 522 2169 ἔργων
541 2081 708 2166 δοκοῦμεν
732 2076 794 2148 ούκ
822 2076 945 2167 ὀρθῶς,
973 2081 1073 2170 μικρά

65 2215 112 2272 μοι
138 2194 234 2258 δοκεῖ
249 2189 380 2275 ,χρῆναι
406 2186 462 2254 καὶ
489 2188 564 2275 περὶ
582 2184 713 2254 τούτων
731 2187 890 2273 δηλῶσαι,
919 2189 1071 2255 οίκειοτέ-

22 2284 53 2379 ᾒζσ
64 2319 120 2382 ραν
138 2290 244 2382 ἀρχῆν
263 2294 434 2382 προθέντα
451 2294 515 2360 τοὺ
532 2291 646 2376 λόγου.

134 2399 252 2488 Νόμος
285 2390 353 2467 ἐστὶ
385 2394 525 2477 παλαιὸς
556 2395 646 2487 παρὰ
673 2399 734 2466 τοῦ
765 2397 900 2487 πρώτου
933 2407 1070 2484 φιλοσο-

59 2511 139 2592 φίαν
168 2502 365 2594 ἀνθρώποις
392 2502 563 2591 φήναντος
590 2499 714 2573 οὑτωσὶ
732 2510 895 2591 κείμενος·
924 2501 1072 2584 ἅπαντας

17 2624 27 2702 ss
57 2597 136 2701 πρός
164 2610 227 2699 τῆν
255 2608 376 2701 ἀρετήν
403 2611 471 2678 καὶ·
486 2607 570 2698 πρὸς
596 2608 635 2677 τὸ
659 2608 765 2705 καλὸν
792 2611 976 2697 βλέποντας
1004 2611 1070 2677 ἕπι-
1089 2628 1114 2680 D

13 2724 43 2799 χ’
56 2718 209 2805 τηδεύειν
228 2719 264 2784 ἐν
283 2715 406 2803 λόγοις,
434 2717 470 2782 ἐν
489 2720 609 2804 ἔργοις,
634 2717 671 2783 ἐν
690 2717 894 2801 ξυνουσίαις,
914 2718 951 2783 ἐν
969 2719 1071 2784 πᾶσιν

16 2818 166 2904 ’[ιάπλῶς
193 2838 265 2903 τοῖς
297 2820 380 2890 κατὰ
411 2818 471 2889 τὸν
503 2826 581 2907 βίον
613 2835 742 2911 μικροῖς
773 2823 829 2889 καί
858 2827 982 2908 μείζοσι
1010 2823 1070 2889 τοὺ

29 2932 158 2998 Δκαλοῦ
191 2929 325 3008 πάντως
357 2929 522 3013 ἐφίεσθαι.
568 2926 704 2995 πάντων
736 2927 773 2995 δέ
806 2924 857 2995 ὅτι
893 2926 1070 2995 κάλλιστον

55 3032 166 3124 ἀρετή,
192 3040 243 3115 τίς
261 3030 304 3101 ἀν
322 3028 402 3120 ῆμῖν
429 3035 498 3101 τῶν
516 3035 602 3101 νοὺν
622 3032 766 3119 ἐχόντων
794 3028 1069 3120 ἀμφισβητήσεως

15 3182 18 3185 <
54 3140 177 3228 ταύτης
203 3146 321 3208 τοίνυν
349 3136 548 3225 ἀντέχεσθαι
576 3139 798 3208 διακελεύεται
830 3136 909 3216 τοὺς
936 3133 979 3223 μῆ
1007 3135 1068 3222 μά-

123 3278 137 3325 1
163 3265 272 3333 αὑτοὺς
290 3273 349 3326 VM
367 3279 396 3324 et
418 3288 466 3324 uae
488 3271 602 3335 ealibi,
628 3274 700 3339 quod
718 3288 771 3323 non
791 3270 915 3321 omnibus
932 3270 1003 3321 locis
1021 3288 1070 3322 an-
1139 3273 1142 3279 '

15 3374 19 3384 2
55 3343 152 3394 notavi
209 3333 339 3393 Ίαὺτῶν
358 3289 599 3406 θοὺεοίῆαύτῶν
653 3344 687 3393 20
704 3334 915 3405 προσθέντων
971 3341 1004 3389 22
1023 3332 1069 3391 οὑ-

56 3407 116 3461 τοσί
134 3411 173 3460 Μ.
203 3409 236 3462 ef.
256 3409 347 3474 Epist.
366 3410 400 3458 42
422 3425 449 3477 ρ.
467 3409 553 3458 4231>
622 3411 656 3458 24
680 3399 712 3458 ἒν
733 3404 823 3456 πᾶσιν
845 3401 884 3472 H]
910 3396 958 3458 ἒπλ
980 3405 1070 3458 πᾶσιν

18 3475 229 3543 3··=26-muqotc]
248 3468 348 3539 ἄκροις
365 3476 433 3527 VM.
448 3491 449 3495 ¹
467 3473 562 3524 Malim
584 3474 635 3526 καλ
653 3476 767 3539 μικροῖς
835 3476 868 3524 27
887 3465 1069 3542 ἀμφισβητή·

31 3542 112 3626 μίΪέτείε
130 3540 165 3608 V]
186 3534 432 3610 ἀμφισβητήσειεν
660 3581 663 3586 Α
824 3606 860 3664 1*
