2446 3870
507 153 646 205 ORATIO
665 154 711 204 IV.
1052 151 1112 215 181

101 283 276 365 αἰσθητοῖς
313 280 523 367 φαινομένην
556 274 574 347 5
607 277 764 365 βασιλεὺς
788 276 901 360 Ἥλιος
932 284 980 360 εἰς
1011 277 1112 350 ταύτὸ

100 385 274 472 συνάπτει,
305 387 364 471 τῆς
396 384 457 472 μέν
488 383 694 472 μιμούμενος
724 383 787 474 τῆν
823 383 1022 473 συνεκτικὴν
1054 386 1113 455 55-

99 518 201 578 ναμιν
229 493 266 559 έν
293 505 364 572 τοῖς
392 504 538 580 νοεροῐς,
565 487 622 559 άτε
650 493 683 573 έξ
712 488 815 580 αὐτῆς
841 490 1029 581 προελθών,
1056 494 1114 579 τῆς

101 596 138 665 δὲ
177 603 367 677 τελευταίας
407 595 660 686 προκατάρχων,
701 593 722 685 ῆ
763 599 838 688 περὶ
879 596 940 667 τὸν
981 599 1113 686 ἐμφανῆ

72 713 276 793 εθέωρεῑται
312 702 449 790 κόσμον.
499 702 544 791 μῆ
576 727 656 772 ποτε
692 694 756 772 οὖν
792 705 848 772 καὶ
883 701 921 772 τὸ
959 702 1113 773 αόθνπό-

99 831 222 878 στατον
249 811 383 894 πρῶτον
410 808 472 897 μὲν
499 811 536 877 έν
562 823 634 889 τοῖς
660 824 795 896 νοητοῖς
813 805 976 899 ὑπάρχον,
1002 817 1113 878 τελευ-

97 929 196 984 ταῖον
223 911 256 984 δ’
288 914 354 1004 (ἐν)
382 929 452 996 τοῖς
478 911 550 984 κατ’
582 911 731 1003 οὐρανὸν
763 918 983 1002 φαινομένοις
1008 917 1114 1004 μέσην

98 1027 164 1108 ἔχει
191 1019 254 1109 τῆν
280 1023 342 1090 τοῦ
369 1022 531 1109 βασιλέως
554 1017 675 1089 οόσίαν
694 1017 956 1091 αόθυπόστατον
980 1018 1106 1106 Ἡλίου,
1115 1043 1166 1092 140

99 1124 156 1214 ἀφ’
186 1117 227 1214 ῆς
252 1126 400 1196 κάτεισιν
428 1123 545 1207 οὐσίας
572 1130 792 1216 πρωτουργοῦ
819 1132 867 1208 εἰς
892 1126 953 1197 τὸν
981 1131 1113 1216 ἐμφανῆ

59 1264 84 1302 ιο
98 1232 228 1319 κόσμον
259 1228 280 1321 ῆ
312 1232 563 1322 περιλάμπουσα
594 1230 635 1301 τὰ
668 1233 843 1320 σύμπαντα
876 1231 979 1321 αὐγῆς
1012 1234 1114 1303 πάλιν

46 1359 50 1365 ·
100 1339 137 1407 δὲ
169 1335 241 1407 κατ’
275 1337 355 1408 άλλο
389 1341 571 1409 σκοποῦντι
604 1334 651 1420 εἷς
682 1338 744 1427 μὲν
776 1335 794 1408 5
827 1343 896 1409 τῶν
929 1338 1018 1410 ὅλων
1055 1345 1129 1428 δη,

99 1444 276 1534 μιονργός,
303 1446 421 1514 πολλοὶ
449 1443 486 1514 δὲ
514 1448 550 1513 oc
574 1443 646 1514 κατ’
678 1442 828 1534 οὐρανὸν
855 1449 1114 1536 περιποιοῦντες
1182 1530 1184 1533 .

101 1552 334 1640 δημιουργικοὶ
361 1555 446 1620 θεοί.
491 1551 597 1638 μέσην
624 1549 688 1640 άρα
719 1554 777 1620 καὶ
803 1553 933 1621 τούτων
959 1551 1022 1640 τῆν
1050 1549 1110 1641 ἀφ’

66 1677 69 1681 ’
96 1652 213 1724 Ἡλίου
239 1657 460 1744 καθήκουσαν
487 1661 534 1738 εἰς
560 1654 620 1725 τὸν
648 1657 776 1746 κόσμον
804 1662 1028 1748 δημιουργίαν
1054 1669 1114 1726 θε-

58 1793 84 1833 15
99 1763 186 1831 τέον.
232 1759 315 1832 άλλόι
341 1763 398 1832 καὶ
425 1760 463 1831 τὸ
492 1761 634 1851 γόνιμον
660 1766 718 1852 τῆς
747 1767 829 1852 ζωῆς
855 1762 942 1833 πολὺ
970 1765 1031 1852 μέν
1058 1766 1112 1832 καὶ

98 1863 306 1958 ὑπέρπληρες
334 1871 371 1937 έν
397 1871 444 1960 τῷ
471 1871 592 1961 νοητῷ,
620 1874 776 1957 φαίνεται
795 1869 837 1938 55
860 1873 942 1958 ζωῆς
969 1877 1153 1958 γονίμουΒ

98 1976 157 2044 καὶ
184 1970 202 2044 5
230 1975 354 2063 κόσμος
381 1970 429 2044 όν
455 1975 592 2064 πλῆρης.
628 1975 799 2064 πρόδηλον
827 1967 890 2044 οὖν
918 1973 970 2045 ὅτι
996 1978 1052 2044 καὶ
1075 1974 1112 2044 τὸ

99 2081 242 2169 γόνιμον
269 2083 331 2150 τοῦ
363 2081 525 2168 βασιλέως
548 2077 664 2150 Ἡλίου
696 2083 754 2168 τῆς
782 2084 865 2169 ζωῆς
891 2082 994 2168 μέσον
1022 2082 1113 2149 ἐστὶν

99 2184 244 2275 ἀμφοῖν,
271 2188 341 2256 έπεὶ
368 2186 476 2279 τούτῳ
503 2201 667 2277 μαρτυρεῖ
691 2189 747 2255 καὶ
773 2184 814 2255 τὰ
842 2186 1044 2275 φαινόμενα·
1071 2184 1113 2255 τά

57 2324 84 2364 εο
99 2292 162 2382 μὲν
188 2291 254 2382 γάρ
281 2301 403 2363 τελειοῖ
426 2295 496 2361 τῶν
523 2296 640 2381 εἰδῶν,
667 2291 708 2362 τά
737 2293 774 2362 δέ
802 2294 981 2383 ἐργάζεται,
1007 2292 1048 2362 τά
1076 2292 1113 2362 δὲ

97 2415 227 2488 κοσμεῖ,
253 2397 294 2468 τά
323 2399 360 2468 δὲ
387 2396 561 2489 άνεγείρει,
588 2401 645 2469 καὶ
672 2403 710 2469 ἓν
738 2397 841 2469 οὐδέν
869 2403 970 2487 ἐστιν,
999 2396 1113 2488 όδίχα

98 2508 158 2593 τῆς
185 2502 247 2593 ἀφ’
273 2502 389 2574 Ἡλίου
409 2509 648 2595 δημιουργικῆς
667 2506 841 2595 δυνάμεως
868 2512 915 2588 εἰς
943 2509 1015 2594 φῶς
1032 2506 1113 2594 πρό-

99 2631 165 2680 εισι
197 2613 253 2681 καὶ
279 2613 421 2698 γένεσιν.
467 2617 514 2680 ἔτι
545 2610 628 2702 πρὸς
659 2612 791 2691 τούτοις
823 2617 856 2681 εἰ
885 2610 948 2700 τῆν
976 2615 1013 2682 έν
1044 2625 1115 2692 τοῖς

99 2734 233 2806 νοητοῖς
265 2716 431 2808 άχραντον
462 2719 518 2788 καὶ
550 2717 707 2807 καθαρὰν
741 2720 825 2805 [καὶ]
859 2716 964 2790 άνλον
993 2716 1153 2788 οὐσίανΟ

57 2856 84 2895 τε
99 2824 296 2913 νοήσαιμεν,
334 2823 474 2905 οὐδενὸς
510 2827 636 2905 ἔξωθεν
672 2821 758 2914 αὐτῆ
798 2824 997 2914 προσιόντος
1034 2821 1114 2893 οὐδὲ

12 2971 15 2976 ·
99 2931 347 3020 ἐνυπάρχοντος
375 2928 563 3020 ἀλλοτρίου,
590 2931 698 3020 πλῆρη
718 2930 755 2999 δὲ
772 2933 832 3018 τῆς
850 2936 974 3011 οἰκείας
991 2926 1113 3017 άχράν-

170 3107 295 3166 Ιταότὸ
314 3113 353 3180 Η]
372 3107 500 3180 αὐτόν,
521 3106 667 3178 affabra,
686 3107 778 3166 ταότόι
796 3130 814 3163 v
882 3116 898 3163 2
921 3104 1061 3164 συνάπτει
1079 3108 1113 3189 V]

100 3177 221 3248 συνάγει
290 3186 307 3234 4
323 3153 540 3275 κροκαταρχων]
559 3179 809 3247 προϋπαργωνῖ,
812 3177 868 3247 ,Τῆ
887 3175 919 3230 δὲ
937 3177 989 3246 τῆς
998 3171 1114 3296 7τελειηό-

98 3266 199 3399 πῆξε.
202 3245 428 3370 πῖῗῗέράόᾍ
430 3249 666 3399 552555
682 3317 715 3369 v
735 3247 930 3368 ⁶525}AE
938 3313 962 3364 A
980 3319 1009 3364 ιι
998 3241 1113 3363 ⁷50
1089 3316 1113 3363 n

100 3372 386 3452 13άραἾΜο]άρα
439 3387 471 3436 19
489 3379 581 3436 τουτω
597 3381 655 3464 V]
651 3399 738 3435 τουτο
790 3385 821 3433 21
839 3375 872 3433 ἓν
891 3381 951 3437 add
964 3380 1114 3462 VMbEF.

27 3514 29 3517 Ι
101 3453 137 3572 οῆ
158 3451 347 3570 10921635.
427 3453 460 3502 24
481 3448 532 3525 καὶ
551 3457 616 3502 ante
636 3441 726 3502 ἄυλον
744 3466 795 3506 om.
813 3450 838 3501 V
918 3442 1115 3517 ἳόάχράντον

99 3519 211 3580 οκεέας
682 3558 685 3564 .
