2408 3856
12 238 16 246 ¹
126 179 146 242 2
426 180 571 233 IULIANI
587 179 834 233 IMPERATORIS

85 307 188 395 Βμέν
214 301 368 395 ποιηταῖς
386 308 525 375 Μοῦσαι
551 308 607 375 καὶ
634 305 671 374 τὸ
692 311 805 375 δοκεῖν
834 305 1139 378 ἐκεῖθενέπιπνεο-
1174 326 1176 330 ’

126 414 247 500 μένους
279 411 341 500 τὴν
372 418 510 499 ποίησιν
542 412 684 501 γράφειν
717 401 877 498 ἀῶθονον
913 415 1047 502 παρέχει
1077 414 1140 502 τὴν

126 521 282 600 ἐξουσίαν
313 521 374 586 τού
405 518 607 604 πλάσματος·
644 531 713 598 τοῖς
746 517 883 607 ῥήτορσι
919 518 957 586 δέ
988 515 1008 606 ἦ
1041 521 1139 608 τέχνη

125 623 187 712 τὴν
215 634 292 711 ίσην
319 624 484 712 παρέσχεν
516 621 647 709 ἀδειαν,
670 622 716 691 «τὸ
745 623 806 710 μὲν
837 625 990 694 πλάττειν
1017 622 1140 711 ἀφελο-

125 732 219 817 μένη,
246 728 284 797 τὸ
313 729 350 797 δὲ
369 728 563 797 κολακεύειν
581 727 736 815 οὐδαμῶς
764 726 1033 818 ἀπαγορεύσασα,
1058 728 1192 800 ούδὲε

126 833 291 923 αίσχύνην
319 831 593 924 ὁμολογουμένην
610 838 656 926 τῶ,
679 836 810 921 λέγοντι
831 834 869 903 τὸ
893 839 1025 917 ψευδῶς
1049 838 1141 905 ἐπαι-

125 955 198 1010 νεῖν
225 939 304 1022 τούς
332 939 395 1010 ούκ
422 938 536 1022 ἀξίους
560 944 703 1010 ’ἐπαίνου
731 947 882 1029 κρίνασα.
895 938 986 1031 ἢάλλ’
1017 941 1143 1035 οίῇμὲν

126 1045 261 1116 ἐπειδὰν
288 1047 408 1116 καινόν
436 1074 511 1116 τινα
530 1050 643 1132 μύθον
670 1049 726 1115 καὶ
745 1048 881 1134 μηδέπω
900 1062 969 1127 τοϊς
987 1047 1142 1137 πρόσθεν
1188 1109 1189 1113 ,

87 1170 107 1225 C
127 1144 348 1239 ἐπινοηθέντα
372 1154 521 1242 φέρωσιν
549 1149 645 1220 αύτολ
664 1153 853 1238 ξυνθέντες,
880 1156 926 1245 τῶ
950 1154 1032 1245 ξένω
1060 1151 1142 1234 τούς
1183 1146 1194 1161 ”

126 1256 311 1339 ἀκούοντας
347 1252 649 1344 ψυχαγωγήσαντες
684 1258 786 1326 πλέον
822 1258 1062 1344 θαυμάζονται·
1107 1264 1145 1328 οί
1156 1264 1194 1328 ωε

125 1364 163 1432 δέ
189 1367 248 1451 τῆς
274 1365 390 1452 τέχνης
417 1361 608 1432 ἀπολαῦσαί
623 1383 728 1449 φασιν
747 1365 784 1431 έν
802 1367 847 1455 τῷ
877 1364 1046 1433 δύνασθαι
1064 1367 1142 1454 περὶ

125 1472 193 1537 τῶν
220 1472 348 1558 μικρῶν
375 1469 531 1557 μειζόνως
559 1475 716 1554 διελθεῖν,
743 1468 859 1538 καὶτὸ
888 1471 1030 1558 μέγεθος
1057 1467 1141 1558 ἀφε-

124 1584 195 1644 λεῖν
223 1578 304 1644 τῶν
321 1581 430 1665 ἔργων
457 1577 503 1666 τῶ
531 1574 635 1667 λόγῳ,
667 1576 723 1642 καὶ
751 1572 836 1655 ὅλως
868 1572 1072 1644 ἀντιτάττειν
1099 1580 1141 1666 τῇ
1188 1630 1194 1634 -

124 1684 192 1763 τῶν
210 1681 414 1770 πραγμάτων
433 1680 534 1768 φύσει
562 1681 733 1750 δύνασθαι
750 1679 812 1769 τὴν
830 1684 898 1750 τῶν
916 1681 1036 1768 λόγων.
1073 1681 1139 1768 ε’γῶ

125 1786 163 1854 δέ
190 1792 221 1854 εί
246 1787 307 1874 μὲν
335 1785 450 1878 ἕῶρων
476 1786 597 1873 ταύτης
630 1784 775 1875 ἐμαυτὸν
803 1789 856 1855 ἐπὶ
882 1790 944 1856 τού
971 1787 1139 1876 παρόντος
1153 1792 1194 1856 15

125 1895 162 1961 έν
188 1899 282 1984 χρεία
308 1896 367 1983 τῆς
393 1895 520 1982 τέχνης,
546 1884 632 1981 ἦγον
651 1889 693 1962 ἀν
710 1890 773 1980 τὴν
800 1892 1039 1983 προσήκουσαν
1056 1890 1140 1982 ἡσυ-

80 2004 201 2087 Βχίαν
233 2015 303 2081 τοῖς
335 1998 536 2089 ἀμελετήτως
568 2005 681 2088 ἔχουσι
713 2001 781 2068 τῶν
817 1999 981 2069 τοιούτων
1017 1999 1140 2087 λόγων,

125 2109 334 2195 παραχωρῶν
366 2109 433 2175 τῶν
466 2109 537 2175 σῶν
569 2109 743 2192 ἐγκωμίων
771 2107 924 2191 ἐκείνοις,
958 2097 1006 2173 ῶν
1033 2109 1140 2198 μικρῶ

124 2210 276 2298 πρόσθεν
295 2210 477 2297 ἐμνήσθην.
511 2212 584 2279 ἐπεὶ
600 2210 637 2279 δὲ
656 2207 746 2277 ἅπαν
764 2208 964 2280 τούναντίον
983 2206 1001 2279 δ
1020 2210 1140 2302 παρῶν
1189 2248 1194 2296 j

125 2312 258 2384 ἀπαιτεῖ
282 2314 381 2400 λόγος
407 2318 476 2386 τῶν
503 2313 708 2402 πραγμάτων
735 2311 844 2402 ἁπλῆν
871 2316 1029 2404 διήγησιν
1058 2315 1137 2386 ούδ-
1152 2308 1193 2411 ναξ

125 2419 201 2500 ενδς
251 2419 445 2498 ἐπεισάκτου
495 2419 623 2508 κόσμου
675 2421 853 2509 δεομένην,
900 2424 993 2502 ἔδοξε
1038 2420 1139 2511 κάμοὶ
1187 2416 1194 2497 {⁵

98 2523 316 2616 προσήκειν,
345 2526 434 2616 (τοῦ)
463 2523 563 2607 ἀξίως
582 2524 809 2613 διηγήσασθαι
831 2529 901 2595 τῶν
927 2533 1035 2617 ἔργων
1063 2527 1138 2598 άνε-
1183 2546 1186 2558 '

125 2638 247 2718 φίκτου
287 2633 343 2700 καί
379 2632 453 2701 τότε
488 2647 559 2714 τοῖς
595 2633 825 2722 προλαβοῦσιν
861 2630 1139 2722 ἤδηφανέντος.

19 2816 21 2819 .
65 2804 86 2809 Δ,
124 2735 266 2818 ἀπαντες
296 2736 361 2828 γάρ
393 2735 515 2827 σχεδὸν
547 2743 582 2808 οί
611 2741 685 2829 περὶ
717 2744 874 2809 παιδείαν
910 2744 1139 2830 διατρίβοντές
1177 2818 1178 2822 ¹

85 2843 191 2933 3(σε)
224 2845 262 2912 έν
293 2845 399 2937 μέτρω
432 2848 488 2915 καὶ
524 2845 757 2934 καταλογάδην
794 2842 975 2934 ύμνούσιν,
1013 2851 1048 2915 οί
1077 2847 1139 2935 μὲν
1152 2871 1177 2914 ιε

124 2948 254 3020 άπαντα
276 2953 506 3051 περιλαβεῖνί
505 2980 526 3021 ν
545 2959 663 3042 βραχεῖ
681 2955 912 3040 τολμῶντες,ο
896 2952 984 3021 οίδὲ
1002 2953 1139 3040 μέρεσιν
1181 2949 1184 2955 ’

191 3089 208 3136 4
230 3082 304 3167 παρέ
305 3100 374 3204 χεν
392 3083 463 3163 VM]
489 3081 610 3166 παρέχει
696 3089 712 3137 5
734 3080 766 3138 τό
792 3081 824 3137 δὲ
847 3079 1017 3137 κολακεύειν
1036 3085 1075 3151 V]
1103 3081 1136 3138 τό

123 3149 295 3206 κολακεύειν
335 3142 606 3219 ὲΙάπαγορεύοαοα
623 3148 697 3219 V]'
679 3146 900 3232 ἀπαγορεύουσα
956 3151 1138 3232 eweffiocV

93 3277 96 3282 Δ
124 3216 318 3282 9ξννθέντεο
334 3217 440 3337 ἾΜῘχ
427 3217 583 3279 συνθέντες
637 3223 669 3271 14
687 3214 836 3271 δύνασθαι
854 3214 920 3286 την]
940 3236 995 3285 την
1008 3213 1136 3283 δυναμιν
1180 3273 1181 3282 χ

123 3288 366 3369 wyttenbachius,
415 3288 520 3338 eiskius
544 3305 602 3352 την
615 3285 671 3338 τῶν
696 3278 785 3352 λόγων
808 3283 928 3366 τέχνην,
952 3287 1024 3352 quod
1043 3287 1137 3338 deleto

123 3354 208 3405 verbo
227 3325 378 3406 δύναοθάι
396 3355 566 3420 probandum
583 3355 693 3406 videtur
766 3357 798 3404 19
816 3344 988 3405 τούναντίον
1006 3351 1046 3418 Μ]
1070 3347 1136 3405 τού-

124 3413 243 3472 νάντιον
300 3424 333 3472 22
351 3421 402 3474 τού
422 3422 484 3475 add
503 3422 571 3473 Rsk.
634 3421 667 3473 23
685 3414 751 3472 τότε
768 3438 789 3471 π
790 3419 962 3485 ρολαβούοιν
980 3423 1048 3472 VM.
1075 3422 1136 3486 Ego

124 3487 187 3540 τότε
207 3487 311 3539 deleam
368 3491 400 3539 25
419 3503 449 3540 σε
467 3489 528 3541 add
548 3439 805 3554 Schaeferuslual
818 3503 870 3540 om
889 3489 914 3540 V
970 3479 1136 3542 λδένιιοιε

113 3551 238 3619 ,ιιέρεοιν
256 3556 338 3622 vulgo
357 3556 480 3608 additum
498 3556 602 3609 delevit
619 3557 686 3609 Rsk.
