2436 3870
95 222 97 229 J
187 164 193 168 -
287 132 581 198 'FRAGMENTUM
598 145 813 198 EPISTOLAE.
1016 145 1079 209 383

64 272 228 358 ρούντων,
258 267 308 339 ότι
326 270 389 358 την
407 277 619 361 λειτουργίαν
645 270 771 359 ταύτην
791 271 938 359 διαθήση
957 276 1111 359 καλύς,0

41 375 127 453 «όσα
156 404 194 462 γε
222 381 269 457 είς
295 383 491 468 προαίρεσιν
517 374 589 464 ἥκει
616 376 678 465 την
705 377 781 464 σήν,
810 374 886 445 οὐδ’
916 373 959 446 ἀν
987 379 1075 448 ἐτόλ-

62 482 153 571 μησά
172 503 227 551 σοι
254 486 459 570 μεταδοῦναι
477 482 642 552 τοσούτου
661 483 865 573 πράγματος·
893 480 965 553 ἀλλ’
988 481 1077 564 ὅπως

63 595 138 679 έχης
161 591 331 657 ἐντεῦθεν
364 588 537 657 διδάσκειν
568 586 648 669 τούς
679 586 816 674 ἀλλους,
849 586 912 658 οὐκ
939 591 977 657 ἐν
1003 604 1076 670 ταῖς

37 695 178 766 επόλεσι
205 693 321 782 μόνον,
350 691 433 763 ἀλλὰ
460 696 517 763 καὶ
545 696 582 762 έν
608 708 679 774 τοῖς
706 691 822 784 ἀγροῖς
849 692 1076 784 εὐλογώτερον

62 802 117 869 καὶ
150 797 201 868 ἐπ’
236 801 403 886 ἐξουσίας,
437 795 481 880 ὥς
506 797 577 868 ὀὐκ
610 809 747 868 οίκοθεν
780 796 866 868 αὐτά
898 815 987 880 νοεῖς
1019 801 1076 869 καὶ

61 905 214 996 πράττεις
240 905 354 993 μόνος,
381 911 464 993 ἔχεις
492 904 530 973 δὲ
555 906 612 974 καὶ
640 904 696 993 ἐμὲ
723 904 908 993 σύμψηφον
929 909 1075 1000 σεαυτῷ,

62 1011 230 1080 δοκοῦντά
266 1037 304 1097 γε
336 1009 423 1079 εἶναι
455 1009 511 1079 διά
547 1009 627 1091 τούς
662 1009 766 1091 θεοὺς
797 1008 950 1101 ἀρχιερέα
982 1014 1116 1100 μέγι-Ι)

63 1136 155 1204 στου,
183 1114 278 1197 ἀξιον
305 1115 367 1204 μὲν
390 1113 551 1204 ,οὐδαμῶς
573 1114 765 1205 πράγματος
791 1116 966 1204 τοσούτου,
994 1125 1075 1205 βου-

26 1253 49 1292 ιο
62 1222 206 1312 λόμενον
234 1221 272 1290 δὲ
298 1220 385 1290 εἶναι
411 1224 467 1291 καὶ
498 1221 770 1311 προσευχόμενον
798 1219 854 1313 ἀεὶΙ
875 1237 947 1304 τοῖς
972 1233 1075 1304 θεοῖς.

62 1319 100 1397 εὐ
128 1325 193 1418 γάρ
221 1337 305 1415 ῖσθι,
333 1327 478 1415 μεγάλας
505 1324 585 1416 ἡμῖν
605 1332 640 1396 οί
664 1329 740 1397 θεολ
768 1326 848 1416 μετά
875 1326 937 1416 τὴν
965 1338 1074 1398 τελευ-

60 1431 124 1521 τὴν
153 1435 288 1514 ἐλπίδας
315 1435 583 1520 ἐπαγγέλλονται.
610 1435 763 1503 πειστέον
792 1433 831 1502 δὲ
849 1431 963 1514 αὐτοῖς
990 1433 1073 1503 πάν-

60 1566 134 1619 τως.
184 1535 344 1621 ἀψευδεῖν
390 1537 454 1629 γάρ
496 1537 658 1608 είύθασιν
700 1536 762 1627 οὐχ
806 1535 890 1629 ύπέρ
936 1542 1075 1609 ἐκείνων

60 1644 183 1733 μόνον,
215 1642 299 1714 ἀλλά
330 1645 386 1713 καὶ
417 1648 485 1713 τῶν
513 1647 550 1712 ἐν
581 1648 627 1737 τῷ
655 1651 718 1736 βίῳ
751 1648 846 1736 τῷδε.
891 1646 927 1713 οί
952 1645 989 1713 δέ
1017 1643 1074 1712 διδι

25 1779 47 1820 ιε
60 1756 261 1839 περιουσίαν
292 1750 466 1838 δυνάμεως
499 1744 568 1819 οἷοί
594 1777 630 1819 τε
658 1747 751 1830 ὄντες
781 1751 837 1818 καὶ
869 1752 927 1838 τῆς
959 1752 996 1818 έν
1022 1752 1126 1842 τῷεσσ
1175 1755 1181 1772 ’

10 1867 12 1870 ⁴
60 1863 125 1948 βίῳ
152 1855 260 1948 τούτῳ
289 1856 555 1946 (περι)γενέσθαι
585 1858 729 1945 ταραχῆς
764 1856 820 1924 καὶ
856 1854 893 1924 τὸ
932 1852 1074 1925 ἀτακτον

61 1959 168 2030 αὐτοῦ
205 1963 260 2030 καὶ
296 1960 334 2031 τὸ
370 1959 552 2031 ἀλλόκοτον
593 1963 808 2051 ἐπανορθοῦν
845 1952 899 2050 ἀρ’
939 1958 1000 2030 οὐκ
1037 1964 1074 2029 ἐν

61 2069 177 2159 ἐκείνην
209 2070 351 2154 μᾶλλον,
384 2065 471 2136 ὅπου
505 2066 659 2157 διῄρηται
690 2064 731 2134 τά
758 2066 943 2155 μαχόμενα,
975 2093 1073 2156 χωρι·

61 2179 201 2260 σθείσης
227 2173 289 2262 μὲν
315 2176 373 2261 τῆς
400 2170 576 2242 ἀθανάτου
594 2175 713 2260 ψυχῆς,
726 2176 803 2260 ’γῆς
830 2171 868 2240 δέ
890 2173 1073 2260 γενομένου

18 2307 45 2349 εο
58 2281 122 2346 τοῦ
149 2282 272 2368 νεκροῦ
290 2278 452 2367 σώματος,
481 2279 590 2347 ίκανολ
609 2293 792 2368 παρασχεῖν
810 2280 943 2347 ἔσονται
968 2273 1070 2346 ταῦθ’

59 2381 186 2475 ὅσαπερ
219 2387 455 2472 ἐπηγγείλαντο
487 2399 558 2465 τοῖς
590 2381 803 2474 ἀνθρύποιςς
841 2384 966 2465 εἰδότες
999 2375 1073 2471 οὐν,

59 2486 111 2557 ὅτι
138 2490 283 2577 μεγάλας
314 2496 402 2578 ἐχειν
434 2495 558 2559 ἔδοσαν
586 2495 621 2559 οί
649 2492 725 2560 θεοὶ
756 2504 826 2571 τοῖς
859 2492 983 2580 ίερεύσι
1015 2489 1073 2570 τάς

58 2592 215 2682 ἀμοιβάς,
253 2595 395 2682 ἐγγύους
431 2592 555 2676 αὐτούς
592 2599 628 2664 έν
664 2600 746 2666 πάσι
781 2599 839 2684 τῆς
875 2594 969 2677 ἀξίας
1004 2599 1107 2668 τῶνΒ

57 2703 152 2768 θεῶν
178 2701 487 2790 κατασκευάσωμεν,
515 2693 563 2770 ὧν
581 2699 666 2792 πρὸς
682 2701 723 2770 τά
741 2701 854 2790 πλήθη
881 2701 943 2791 χρη
963 2703 1072 2791 λέγειν

16 2835 44 2876 25
58 2809 179 2894 δεῖγμα
214 2806 274 2876 τὸν
311 2809 439 2876 ἑαυτῶν
476 2808 677 2898 ἐκφέροντας
717 2812 803 2895 βίον.
859 2803 999 2896 ἀρκτέον
1036 2805 1074 2874 δὲ

58 2906 140 2998 ἡμῖν
167 2916 227 3000 τῆς
252 2911 337 3003 πρὸς
353 2912 434 2994 τούς
459 2911 564 2994 θεούς
582 2911 762 3001 εὐσεβείας.
799 2909 886 2980 οὕτω
905 2911 969 3001 γάρ
988 2908 1074 2999 ἡμᾶς

142 3097 160 3146 4
186 3087 327 3148 ἐντεῦθεν
344 3093 390 3216 Ηχ
411 3089 539 3163 ἐγγύθεν
555 3114 587 3160 v,
616 3090 705 3149 ἔνθεν
722 3095 870 3146 Horkelius
956 3095 972 3144 7
998 3088 1074 3159 ἔχεις

56 3161 126 3212 Rsk.
145 3166 174 3241 ομ
190 3159 354 3230 Horkelius]
389 3180 461 3243 χειν.
509 3158 689 3216 8δοκούντά
707 3179 738 3214 τε
756 3167 811 3229 pet.
855 3165 913 3242 ,13
933 3154 1073 3213 είόθασιν

56 3225 266 3376 λλῒίῒλλῖ..
288 3231 476 3365 §fimf
494 3223 902 3376 ἐλεειῑιῖμὲὲξλῖῗ
914 3244 972 3362 ,λῖς
991 3227 1073 3374 Μελ

57 3355 256 3432 ἐπανορθουν]
282 3364 457 3444 ...νορθούν
475 3365 500 3416 V
565 3369 610 3447 Υλθ
627 3359 682 3447 μὲν
700 3382 753 3429 της
771 3360 807 3431 V]
828 3381 919 3430 αυτης
937 3367 1004 3429 pet„
1021 3379 1074 3442 της

56 3424 123 3548 χιέντ
126 3433 291 3564 ἐμερμτχν
300 3449 352 3498 γης
374 3434 441 3484 Rsk.
460 3438 488 3484 et
512 3433 685 3484 C.S1nten1s
709 3432 829 3484 Hermae
850 3433 864 3482 I
888 3449 913 3498 p.
935 3427 997 3495 144]
1022 3447 1074 3495 της
