2446 3870
69 163 70 166 ¹
147 186 210 251 230
451 186 594 239 ιυτιεοιι
611 184 860 239 ιιιεοιιετοιιιε

147 318 229 383 πᾶσι
256 314 376 394 πάντες
404 313 436 394 ἐξ
465 309 612 400 όνύγκης
634 312 853 401 χρησόμεθα·
882 313 982 382 τοῦτο
1010 311 1072 401 μὲν
1100 311 1165 400 γὰρ

149 431 229 502 ἴσως
257 417 320 490 ούκ
347 415 501 489 εὔκολον·
530 415 602 488 ἀλλ’
633 415 723 501 ὅπως
742 421 868 511 ἐκείνῳ,
898 415 963 510 ότφ
991 415 1057 507 ἄρα
1075 422 1166 507 πρῶ·

148 554 208 596 τον
235 522 340 615 μένὴ
368 528 430 595 τοῦ
452 525 604 614 στόματος
632 531 821 614 συγχωροίη
841 524 994 612 δύναμις,
1022 522 1093 593 εἶτά
1117 552 1167 606 τις

98 639 331 722 ιτοπεριουσία
358 633 530 721 συντρέχει
552 633 608 700 καί
635 637 749 721 τρίτον
776 627 797 719 ἡ
824 637 1028 721 προαίρεσις,
1055 627 1099 718 ἣν
1128 633 1173 700 έν·

148 755 219 821 τοίς
251 743 353 829 ίερολς
384 735 490 820 οὕτως
522 735 617 819 ἄξιον
649 740 840 825 ἐπιτείνειν,
877 735 961 806 ὥστε
993 739 1049 806 καὶ
1082 733 1192 825 ύπὲρο

149 844 212 935 την
239 848 300 915 τοῦ
334 844 485 934 σώματος
512 843 660 932 δύναμιν
693 841 801 934 όρμᾶν
828 845 884 913 καί
911 853 1167 972 προθυμεῖσθαι

149 967 220 1034 τοῖς
246 958 356 1033 θείοις
383 949 586 1022 ἀκολουθεῖν
611 961 760 1040 θεσμοῖς.
807 956 876 1020 ἔστι
904 949 968 1039 γὰρ
996 947 1039 1038 δὴ
1066 953 1167 1019 τοῦτο

149 1058 290 1146 μάλιστα
318 1055 426 1146 μέν’
408 1057 661 1147 ανυσιμιότερον
688 1054 772 1147 αὐτῇ
800 1060 840 1147 τῇ
872 1060 963 1146 ψυχῇ
991 1054 1074 1146 πρὸς
1102 1077 1167 1124 σω-

149 1170 332 1255 τηρίαν,ε
317 1170 348 1232 εί
373 1170 507 1251 μείζονα
538 1163 641 1250 λόγον
672 1159 791 1251 αὐτῆς,
824 1160 908 1233 ἀλλὰ
935 1161 980 1252 μὴ
1012 1165 1075 1232 τοῦ
1102 1163 1167 1232 στό-

149 1297 252 1357 ματος
283 1273 342 1358 τῆς
374 1266 558 1356 ἀσφαλείας
588 1269 780 1357 ποιήσαιτο,
812 1268 897 1359 πρὸς
929 1269 966 1338 δὲ
998 1269 1054 1338 καί
1083 1264 1166 1339 αὐτὸ
1182 1296 1204 1334 ιο

149 1374 187 1443 τὸ
217 1378 312 1463 σῶμα
339 1379 490 1464 μείζονος
508 1377 564 1444 καί
582 1378 863 1466 θαυμασιωτέρας
889 1382 1045 1465 φαίνεται
1073 1384 1167 1464 λελη-

110 1501 133 1556 Β
151 1481 262 1562 θότως
289 1484 348 1570 τῆς
366 1477 528 1570 ὠφελείας
550 1482 809 1570 μεταλαγχάνον.
846 1479 929 1551 όταν
952 1480 1017 1571 γὰρ
1035 1477 1056 1570 ἦ
1076 1479 1167 1570 ψυχὴ

150 1591 263 1657 πᾶσαν
295 1585 418 1677 ἑαυτὴν
450 1591 499 1681 δῷ
532 1603 602 1670 τοῖς
634 1600 743 1676 θεοῖς,
776 1586 839 1658 όλα
865 1586 906 1657 τόι
933 1585 1014 1657 καθ’
1045 1587 1169 1676 ἑαυτὴν

152 1695 355 1784 ἐπιτρέψασα
382 1710 452 1776 τοῖς
478 1701 675 1785 κρείττοσιν,
705 1697 867 1784 ἑπομένης
894 1692 986 1783 οἶμαι
1009 1697 1067 1784 της
1095 1690 1168 1781 όγι-

122 1800 124 1804 ’
151 1807 261 1883 στείας
287 1802 343 1871 καί
371 1800 437 1891 πρό
465 1829 502 1888 γε
529 1789 651 1891 ταύτης
668 1804 737 1871 τόν
763 1807 870 1871 θείων
897 1804 1036 1889 θεσμόν
1063 1797 1166 1889 ἡγου-
1182 1825 1204 1867 15

150 1907 277 1996 μένων,
315 1905 412 1990 όντος
445 1905 586 1990 οὐδενὸς
617 1905 736 1979 λοιπόν
767 1911 829 1977 τοῦ
864 1904 1082 1995 ἀπείργοντος
1113 1910 1169 1976 καὶ
1198 1912 1200 1914 ’

152 2016 397 2104 ἐμποδίζοντος·
434 2015 542 2084 πάντα
580 2015 643 2103 γόρ
681 2002 782 2085 ἐστιν
808 2017 846 2084 ἐν
881 2029 951 2095 τοῖς
986 2025 1081 2096 θεοίς
1114 2016 1170 2084 καί

151 2122 261 2190 πάντα
288 2123 364 2212 περὶ
396 2118 521 2203 αύτούς
552 2117 719 2210 ὑφέστηκε
751 2122 807 2217 καί
839 2120 948 2190 πάντα
980 2124 1049 2189 τῶν
1075 2123 1169 2190 θεῶν

152 2229 221 2295 ἐστι
253 2227 375 2318 πλήρη·
413 2224 532 2296 αύτίκα
565 2227 627 2315 μὲν
659 2225 777 2309 αύταῖς
814 2226 969 2315 ἐλλύμπει
1000 2225 1038 2296 τὸ
1071 2236 1170 2297 θεῖον

153 2335 247 2418 φῶς,
276 2343 461 2401 θεωθεῑσαι
498 2333 535 2402 δὲ
567 2324 666 2402 αύται
707 2334 809 2404 τόνον
845 2330 921 2402 τινὰ
957 2334 1013 2402 καί
1052 2332 1171 2421 ῥύμην
1184 2360 1208 2399 ιο

114 2439 338 2510 Οέπιτιθέασι
365 2441 411 2530 τῷ
439 2437 604 2530 συμφύτῳ
632 2440 805 2528 πνεύματι,
833 2439 991 2510 τοῦτοδὲ
1018 2434 1077 2508 ὑπ’
1109 2437 1170 2508 αύ-

151 2546 219 2612 τῶν
247 2544 476 2633 στομούμενον
503 2542 613 2635 ὥσπερ
640 2548 696 2616 καὶ
723 2545 976 2637 κρατυνόμενον
1004 2553 1172 2635 σωτηρίας

96 2704 97 2708 ,
152 2651 243 2718 ἐστὶν
270 2660 379 2720 αίτιον
407 2648 474 2744 όλφ
493 2653 538 2744 τῷ
567 2651 702 2742 σώματι.
744 2651 782 2723 τό
812 2653 850 2722 δὲ
869 2650 921 2722 ὅτι
948 2651 1090 2741 μάλιστα
1110 2650 1172 2741 μὲν

151 2756 259 2838 πόσας
286 2755 344 2847 τὰς
375 2757 513 2846 νόσους,
547 2764 578 2828 εί
603 2760 642 2829 δὲ
668 2760 728 2849 μή,
763 2757 813 2830 ότι
841 2757 901 2840 τὰς
931 2764 1087 2839 πλείστας
1114 2761 1170 2827 καὶ

152 2869 307 2952 μεγίστας
344 2866 378 2933 έκ
415 2868 472 2953 τῆς
508 2869 570 2934 τοῦ
606 2867 792 2954 πνεύματος
829 2863 916 2935 εἶναι
951 2867 1078 2955 τροπῆς
1114 2866 1170 2933 καὶ
1184 2888 1208 2930 25

151 2973 351 3061 παραφορᾶς
365 2973 585 3060 συμβέβηκεν,
606 2969 719 3054 οὐδεὶς
738 2969 828 3053 ὅστις
843 2969 935 3060 οἶμαι
949 2973 1018 3039 τῶν
1034 2967 1168 3058 Ἀσκλη·

152 3081 284 3148 πιαδῶν
311 3074 354 3146 ού
381 3076 528 3166 φήσειεν.
579 3082 615 3146 οί
639 3078 701 3166 μὲν
728 3076 792 3167 γὰρ
824 3078 881 3146 καὶ
912 3075 1020 3158 πόσας
1052 3083 1170 3164 φασίν,

152 3187 190 3252 οί
213 3182 252 3252 δέ
278 3182 338 3266 τὰς
364 3190 519 3266 πλείστας
550 3185 606 3253 καί
634 3190 790 3272 μεγίστας
821 3184 877 3253 καί
906 3186 1047 3271 ίαθηναι
1075 3191 1170 3270 χαλε-

238 3428 254 3476 3
272 3424 454 3506 συγγοροιη]
484 3440 555 3505 συγγ
557 3427 626 3490 ωρει
641 3423 669 3474 H
754 3427 770 3476 9
797 3413 889 3489 αύτῆς
912 3419 951 3490 Η]
980 3413 1070 3488 αὐτῆς
1139 3425 1172 3473 θλ

153 3488 368 3557 κρατυνόμενον
374 3491 422 3570 Η]
442 3508 637 3560 κρατουμενον
724 3495 758 3544 23
781 3483 860 3544 έστλν
880 3489 913 3558 V]
939 3487 972 3542 δὲ
1059 3491 1092 3542 27
1116 3483 1174 3556 φή·

137 3555 242 3627 aeter]
256 3561 317 3613 Ααί
335 3551 424 3630 φήσει
442 3560 618 3614 scribendum
637 3568 686 3612 aut
703 3552 740 3614 ἄν
760 3559 917 3612 addendum
