2446 3870
470 131 605 184 ORATIO
625 132 671 181 VI.
1013 129 1076 192 243

59 265 140 348 βίον
173 260 382 351 παράδειγμα
414 258 451 329 τὸ
489 260 646 348 μέγιστον
678 248 778 339 οὗτος
814 255 1037 328 κατέλιπεν’
1020 287 1077 326 αν-

57 366 222 456 θρω’ποις.
268 363 333 453 ἐγὼ
362 361 445 435 δὲ’
427 365 510 455 νπὲρ
538 368 606 434 τῶν
624 368 717 435 θεῶν
744 365 886 434 καὶτῶν
913 369 961 445 είς
978 371 1078 434 θείαν

58 475 155 563 λῆξιν
186 474 426 563 πορευθέντων
461 469 627 560 εὐφημεῖν
660 474 788 542 ε’θέλων
824 477 985 559 πείθομαι
1017 470 1078 560 μὲν
1096 485 1122 539 D

58 580 117 650 καὶ
143 577 209 668 πρὸ
240 578 365 648 τούτου
396 577 492 659 τινὰς
523 575 587 648 οὐκ
618 581 656 647 έν
674 575 810 666 Ἕλλησι
842 577 974 666 μόνον,
995 574 1078 646 ἀλλὰ

29 687 117 757 εκαί
150 684 335 775 βαρβάροις
496 681 580 772 αὕτη
611 683 676 772 γὰρ
709 681 730 773 ἡ
763 690 949 773 φιλοσοφία
981 683 1078 771 κοινή

57 819 130 874 πως
158 798 268 861 έοικεν
300 790 387 861 εἶναι
420 793 477 860 καί
510 791 724 879 φυσικωτάτη
753 793 808 860 καὶ
837 796 972 860 δεῖσθαι
1000 787 1075 859 οὐδ’

59 1003 101 1074 τά
129 1010 299 1075 σπουδαῖα
327 1001 445 1095 άρετῆς
472 1006 636 1094 έπυθυμίᾳ
663 1005 718 1072 καὶ
743 1006 837 1093 φυγῇ
864 1010 995 1090 κακίας,
1023 1005 1078 1072 καὶ

60 1109 139 1180 οὕτε
171 1117 312 1199 βίβλους
343 1108 492 1192 άνελίξαι
524 1115 579 1179 δεῖ
607 1116 741 1199 μυρίας·
773 1116 969 1198 πολυμαθία
1001 1109 1077 1198 γάρ,

14 1242 45 1282 10
60 1224 156 1305 φασί,
185 1216 268 1286 νόον
297 1214 338 1286 οὐ
366 1216 535 1286 διδάσκειῑ
558 1213 636 1286 οὔτε
663 1213 744 1286 άλλο
771 1244 803 1286 τι
820 1219 890 1287 τεόν
916 1215 1079 1286 τοιούτων

59 1334 203 1411 παθεῖν,
236 1321 298 1393 ὅσα
330 1324 388 1392 καὶ
420 1318 475 1392 οἶα
494 1323 695 1411 Ιπάσχουσιν
723 1328 759 1393 os
788 1322 844 1393 διὰ
871 1326 940 1393 τῶν
967 1321 1080 1392 άλλων

61 1431 225 1519 αἱρέσεων
253 1430 370 1515 ίόντες,
398 1426 483 1498 ἀλλὰ
510 1426 638 1518 ἀπόχρη
658 1430 766 1518 μόνον
793 1429 857 1499 δύο
880 1433 986 1499 ταῦτα
1012 1432 1131 1500 τοῦ188

60 1542 203 1606 Πυθίου
230 1538 479 1626 παραινοῦντος
506 1533 659 1622 άιιοῦσαι,
686 1535 724 1605 τὸ
744 1538 861 1606 Γνῶθι
880 1536 1007 1605 σαυτὸν
1024 1538 1080 1605 καί

63 1643 310 1732 Παραχάραξον
341 1640 379 1711 τὸ
393 1693 397 1700 -
412 1641 569 1729 νόμισμα.
618 1644 770 1731 πέφηνεν
802 1634 866 1711 οὖν
901 1639 984 1731 ἡμῖν
1021 1639 1079 1729 άρ-

17 1770 48 1811 1⁵
62 1747 167 1836 χηνὸς
206 1752 264 1837 τῆς
305 1755 510 1836 φιλοσοφίας
552 1746 654 1838 ὅσπερ
700 1747 794 1837 οἶμαι
838 1763 908 1829 τοῖς
945 1745 1081 1836 Ἕλλησι

63 1856 203 1943 κατέστη
230 1858 299 1923 τῶν
325 1858 439 1924 καλῶν
466 1850 624 1924 ἁπάντων
652 1863 767 1941 αίτιος,
796 1850 814 1922 ὁ
842 1857 901 1942 τῆς
923 1850 1081 1934 Ἑλλάδος

62 1961 177 2042 κοινὸς
212 1957 347 2049 ἡγεμὼν
378 1963 435 2030 καὶ
466 1962 654 2048 νομοθέτης
689 1962 745 2029 καὶ
782 1946 954 2049 βασιλεύς,
992 1955 1010 2027 ὁ
1043 1963 1080 2028 έν

62 2076 213 2155 Δελφοῖς
239 2068 331 2153 θεός,
360 2064 401 2136 δν
429 2064 543 2153 ἐπειδὴ
570 2066 615 2155 μὴ
638 2069 736 2155 θέμις
762 2058 806 2154 ἦν
833 2093 865 2134 τι
892 2071 1080 2151 διαλαθεῖν,

64 2171 147 2251 οὐδὲ
174 2169 404 2262 ἡΔιογένους
431 2173 656 2262 ἐπιτηδειότης
683 2179 793 2263 έλαθε.
830 2172 1018 2262 προύτρεψε
1042 2171 1079 2240 δὲ

20 2301 49 2341 20
63 2277 171 2349 αὐτὸν
200 2278 262 2368 οὐχ
294 2277 404 2370 ὥσπερ
431 2277 511 2362 τοὺς
542 2277 664 2361 ἄλλους
692 2285 806 2348 ἔπεσιν
834 2281 992 2348 ἐντείνων
1018 2277 1081 2367 τὴν

62 2392 275 2476 παραίνεσιν,
302 2383 375 2455 ἀλλ’
396 2391 483 2478 ἔργῳ
504 2386 675 2456 διδάσκων
694 2384 760 2472 ό,τι
778 2386 934 2473 βούλεται
952 2392 1078 2474 σνμβο-
1094 2401 1116 2454 Β

36 2495 164 2574 Ιλιιιάς
197 2490 254 2562 διά
281 2498 381 2562 δυοῖν
409 2489 606 2580 ὀνομάτοιν,
633 2492 879 2583 Παραχάραξον
911 2491 1015 2562 είπιὸν
1043 2490 1080 2561 τό

62 2599 220 2687 νόμισμα.
264 2597 303 2667 τὸ
331 2597 395 2687 γὰρ
415 2600 531 2669 Γνῶθι
559 2598 685 2669 σαυτὸν
709 2595 773 2668 οὐκ
800 2601 916 2691 έκείνφ
934 2602 1081 2690 πρῶτον,

63 2703 148 2775 ἀλλὰ
175 2707 231 2774 καὶ
262 2719 333 2785 τοῖς
364 2701 478 2785 άλλοις
508 2710 574 2794 έφη
601 2707 657 2774 καὶ
685 2707 787 2793 λέγει,
819 2705 989 2795 πρόκειται
1016 2703 1080 2794 γάρ

20 2829 49 2872 25
64 2809 158 2900 οἶμαι
194 2814 255 2880 τοῦ
286 2811 452 2900 τεμένους.
498 2807 690 2902 ηὑρήκαμεν
722 2810 759 2881 δι’
797 2810 858 2881 τὸν
895 2808 1081 2902 ἀρχηγέτην

63 2921 123 3005 τῆς
164 2922 380 3006 φιλοσοφίας,
422 2914 467 2998 ὥς
502 2943 569 2987 που
610 2920 665 2988 καὶ
703 2915 721 2988 ό
764 2917 939 3006 δαιμόνιός
976 2937 1089 3004 φησιν,

132 3160 175 3218 5,
177 3157 256 3221 ,Post
273 3154 431 3227 βαρβάροις
448 3158 558 3210 videtur
575 3175 651 3212 ουτω
668 3161 771 3234 φιλοοο
796 3156 866 3224 ηοαι
883 3156 931 3209 vel
942 3158 998 3208 tale
1018 3158 1082 3242 quid

64 3225 187 3277 δεειεε.“
211 3225 280 3278 Rsk
369 3229 466 3277 θεῖῖ
488 3216 591 3278 οὐδ’
574 3241 746 3294 ηοτινοοουν
809 3231 837 3276 et
856 3223 936 3290 Oob.]
956 3213 1082 3292 οὔθ’ἦς
1086 3254 1089 3259 -

64 3308 144 3353 τινος
169 3309 224 3345 ουν
292 3297 355 3345 θεῖ
374 3296 406 3345 10
427 3245 649 3376 πολυμαθία·
662 3285 814 3412 Melam)
833 3292 992 3344 Heraclitus
1010 3243 1082 3360 apud

64 3363 151 3442 Πίος.
168 3361 344 3442 Laert.‚9l
433 3365 466 3412 14
486 3360 618 3429 πέφηνεν
640 3377 693 3413 ουν
714 3357 752 3426 Η]
774 3376 888 3426 πφηνε
910 3359 980 3426 γοῦν
1026 3363 1082 3410 15

65 3420 157 3495 όνπερ
174 3419 254 3495 Η]
231 3444 326 3508 ωσπερ
412 3432 445 3481 20
464 3424 562 3482 ἔπεσιν
579 3428 627 3514 Η]
636 3422 749 3482 ἔπεισεν
835 3431 868 3480 23
889 3427 1013 3497 πρῶτον]
1031 3421 1081 3494 μό-

64 3512 117 3548 νον
138 3488 354 3564 Ηηδρήιιοιμεν
373 3498 471 3564 scripsi
488 3513 537 3563 pro
556 3489 721 3564 εὑρήκαμεν

817 3583 871 3638 λθ*
