2416 3864
142 129 205 195 308
442 128 585 181 IULIANI
608 126 857 178 IMPERATORIS

143 255 230 326 οὕτω
265 256 302 326 δὲ
334 257 391 325 καὶ
422 259 481 343 τῆς
518 258 649 324 ἐκείνου
683 257 856 344 διατριβῆς
891 255 1159 344 προυγόγραπτο,

142 370 248 450 ἔγνως
275 359 319 431 άυ
337 359 401 451 πρὸ
420 362 567 447 πάντων,
595 358 646 430 ὅτι
664 359 705 429 τά
732 357 815 448 πρὸς
841 359 921 455 τοὺς
938 357 1044 441 θεοὺς
1067 357 1158 430 εὐσε-

142 477 213 558 βείς
244 468 332 538 εἶναι
363 469 420 537 καί
456 470 649 556 μεμυῆσθαι
684 466 793 535 πάντα
828 464 870 534 τδι
901 465 1069 557 μυστήρια
1106 469 1159 536 καὶ

140 577 330 646 τετελέσθαι
362 573 421 654 τὰς
453 570 637 660 ἁγιωτάτας
672 571 803 653 τελετάς
839 573 895 640 καὶ
928 570 984 641 διὰ
1022 573 1158 642 πάντων

142 685 212 751 τῶν
230 680 439 770 μαθημάτων
465 672 569 768 ῆχθαι
586 694 656 761 τοῖς
674 689 753 768 είσω
771 682 833 749 τοῦ
860 678 1043 766 περιπάτου
1063 684 1181 768 βαδίι

143 797 235 872 ζουσι
265 786 518 878 προηγορεόετο.

89 912 141 962 238
223 893 278 964 Σὺ
310 893 347 963 δέ
379 889 469 974 ὅπως
504 888 585 981 ήμίν
620 891 665 981 μή
701 891 761 962 τὸν
793 893 942 979 Διογένη
978 891 1160 980 προβαλὼν

12 988 16 993 ’
143 999 252 1092 ὥσπερ
280 1028 312 1070 τι
339 1009 586 1088 μορμολυκεῖον
614 998 812 1088 ἐκφοβήσης.
854 994 896 1067 οὐ
923 995 987 1088 γὰρ
1016 999 1159 1087 ἐμυήθη,

143 1114 259 1195 φασίν,
287 1105 370 1176 ἀλλὰ
389 1107 444 1175 καί
463 1104 547 1195 πρὸς
565 1104 626 1175 τὸν
654 1104 954 1195 (προ)τρεπόμενον
973 1109 1160 1193 μυηθῆναι,

144 1220 294 1301 Γελοῖόν,
322 1209 424 1297 εἶπεν,
452 1203 662 1299 ὦνεανίσκε,
690 1217 722 1280 εί
747 1209 826 1292 τοὺς
844 1210 906 1299 μὲν
932 1210 1078 1293 τελάνας
1098 1221 1159 1281 οίει
1171 1233 1191 1272 1⁰

142 1319 265 1405 ταύτης
301 1320 397 1386 ἕνεκα
433 1320 491 1404 τῆς
525 1320 655 1405 τελετῆς
690 1315 910 1406 κοινωνήσειν
945 1331 1016 1398 τοῖς
1054 1313 1160 1399 ὁσίοις

143 1426 211 1491 τῶν
239 1426 276 1492 ἐν
303 1420 390 1514 ᾅδου
418 1425 543 1510 καλῶν,
569 1419 765 1511 Ἀγησίλαον
792 1422 830 1492 δέ
856 1423 912 1491 καί
938 1419 1159 1512 Ἐπαμεινών-

144 1535 210 1598 δαν
238 1531 275 1598 ἐν
301 1531 347 1622 τῷ
379 1528 534 1622 βορβόρῳ
567 1536 762 1601 κείσεσθαι..
792 1532 907 1615 τοῦτο,
940 1520 976 1597 τό
995 1537 1159 1616 νεανίσκε,

144 1635 238 1723 βαθὺ
265 1642 342 1705 λίαν
369 1636 437 1703 ἐστί
457 1636 512 1704 καὶ
532 1634 692 1724 δεόμενον
718 1635 913 1724 ἐξηγήσεως,
941 1630 987 1716 ὦς
1003 1636 1160 1723 ,ἐμαυτὸν

104 1753 127 1807 Β
145 1749 265 1828 πείθω,
292 1747 451 1830 μείζονος,
480 1738 576 1824 ὅπως
595 1738 676 1830 ῆμῑν
694 1738 793 1809 αι’παί
822 1746 915 1811 δοίεν
933 1743 971 1809 αί
995 1743 1076 1810 θεαὶ
1100 1741 1160 1830 τήν
1172 1760 1192 1800 15

144 1851 308 1917 ἐπίνοιαν·
337 1854 459 1936 νομίζω
488 1848 525 1916 δέ
543 1844 651 1936 αὐτήν
673 1845 739 1937 ήδη
758 1848 814 1916 καί
833 1847 1005 1916 δεδόσθαι.
1027 1855 1159 1936 ’φαίνε-

143 1982 197 2023 ται
216 1952 279 2045 γάρ
299 1949 317 2024 ό
337 1955 504 2042 Διογένης
523 1951 595 2042 οὐχ,
623 1951 733 2043 όόσπερ
753 1949 847 2041 ὑμεῖς
870 1950 1012 2040 άξιοότε,
1041 1958 1158 2023 δυσσε-

33 2108 34 2111 =
144 2061 221 2150 βής,
254 2058 326 2130 ἀλλ’
358 2063 511 2146 ἐκείνοις,
540 2051 589 2128 οἷν
620 2063 726 2152 μικρῷ
753 2059 906 2150 πρόσθεν
933 2059 1160 2149 ἐπεμνήσθην,

111 2196 116 2201 ·
143 2166 355 2257 προσόμοιος.
405 2162 537 2234 άπιδών
578 2164 641 2253 γὰρ
683 2156 730 2246 είς
765 2163 828 2253 τήν
864 2169 1059 2256 περίστασιν
1101 2165 1161 2254 τήν

144 2274 400 2359 καταλαβοῦσαν
433 2267 553 2355 αὐτόν,
589 2269 660 2340 εἶτα
691 2277 739 2352 είς
769 2269 828 2351 τὰς
860 2268 997 2352 ἐντολάς
1028 2273 1161 2358 βλέπων
1174 2292 1195 2332 2⁰

144 2380 204 2446 τοῦ
237 2382 376 2446 Πυθίου
408 2378 464 2444 καί
498 2383 626 2464 συνείς,
659 2375 710 2446 ὅτι
741 2375 803 2445 τὸν
834 2376 1027 2464 μυούμενον
1059 2379 1162 2466 ἐχρῆν

106 2484 482 2572 Οπολιτογραφηθῆναι
509 2481 673 2572 πρότερον
691 2482 747 2552 καὶ
772 2479 965 2569 Ἀθηναίων,
993 2487 1024 2551 εί
1041 2485 1099 2552 καὶ
1117 2483 1161 2570 μή

145 2588 261 2675 φάσει,
288 2590 335 2680 τῷ
363 2586 455 2680 νόμῳ
484 2615 521 2675 γε
548 2590 722 2675 γενέσθαι,
756 2591 854 2656 τοῦτο
883 2594 1024 2676 ἔφυγεν,
1053 2586 1097 2657 οὐ
1124 2589 1161 2658 τό

145 2697 331 2782 μυηθῆναι,
358 2701 503 2782 νομίζων
531 2690 636 2764 αὑτὸν
663 2692 750 2764 εἶναι
772 2697 835 2763 τοῦ
851 2693 981 2782 κόσμου
1009 2701 1161 2783 πολίτην,

104 2900 105 2903 ’
146 2875 230 2949 λόγον
253 2871 284 2942 δς
309 2879 388 2960 Cob]
415 2876 506 2933 αότοό
530 2918 622 2934 ......
645 2884 670 2933 V
688 2887 717 2933 et
733 2899 752 2931 v
838 2873 1071 2947 6προηγόρευτο
1095 2883 1160 2936 Oob.

146 2941 349 3034 Ἱπροσβαλιδν
367 2949 392 2999 V
471 2952 487 3000 8
511 2942 682 3029 ἐκφοβήσας
701 2949 767 3001 Cob.
849 2947 974 3028 9φησλν
991 2952 1024 3011 V,
1045 2948 1119 3015 φησί
1137 2967 1162 3002 v.

145 3019 251 3082 Scripsi
269 3014 360 3083 φασίν
391 3023 396 3079 Ι
427 3011 661 3082 προτρεπόμενον
679 3015 751 3080 Pon]
769 3009 945 3094 τρεπόμενον
978 3016 983 3080 Ι
1007 3017 1163 3097 μυηθῆναι

145 3086 214 3136 Rsk.
234 3091 262 3135 et
279 3087 368 3149 wyte.
387 3085 423 3134 ad
440 3085 515 3134 Plut
533 3100 600 3137 mor.
619 3083 699 3163 21Ρ]
723 3079 910 3164 ἐκμυηθῆναι
980 3087 1013 3135 10
1036 3084 1163 3144 τελώνας

145 3155 170 3203 V
240 3155 270 3203 11
290 3145 479 3231 κοινωνήσειν
496 3150 531 3218 V]
550 3145 701 3206 κοινάσειν
734 3151 738 3214 Ι
770 3145 860 3210 ὁσίοις
878 3148 956 3216 Cob]
975 3151 1060 3210 θεοῖς
1133 3155 1162 3203 12

47 3218 51 3224 ’
142 3211 363 3284 Ἐπαμεινάδαν
381 3217 555 3284 τεοὶίοθουή
571 3213 792 3296 Ἐπαμινώνδαν
845 3221 876 3269 13
893 3217 1047 3269 κείσεσθαι
1060 3217 1161 3300 wyttJ

146 3287 265 3339 κεῖσθαι
353 3289 386 3338 14
403 3281 464 3338 ἐστι
481 3287 544 3341 εδδ.
563 3289 587 3336 V
669 3289 700 3338 lb
717 3273 806 3352 ὅπως]
826 3276 929 3345 ὁποίας
947 3286 975 3336 Η
1057 3289 1089 3337 19
1108 3284 1162 3351 τήν

145 3353 321 3432 περίστασιν
332 3352 406 3420 V]u
408 3353 554 3406 είσιασιν
623 3357 654 3404 21
680 3351 784 3419 συνείς]
775 3351 916 3419 ]οννιείς
933 3354 961 3404 Η
1030 3356 1063 3404 22
1080 3356 1163 3406 πολι-

146 3420 372 3539 ἔήγραφηθήμαι
385 3371 438 3486 κνῆ
469 3419 719 3487 πολιτογραφήναι
805 3424 839 3472 23
865 3436 898 3486 γε
921 3419 990 3471 Rsk
1010 3425 1039 3472 et
1062 3418 1099 3486 fl]
1128 3417 1162 3473 δὲ

198 3505 290 3539 αυτον
