2422 3862
454 134 676 221 Μιεοεοοοω.
1007 162 1069 228 457
1091 179 1100 196 ·

59 301 174 382 ἀλλοις
191 300 408 388 μεταδιδόναι
415 308 446 373 “.
481 309 585 373 ταῦτα
605 305 761 373 έδίδασκέ
771 331 812 392 με
825 309 970 390 νομίζων
985 299 1074 368 ἰδιά-

58 436 121 496 την
143 413 293 476 ἔσεσθαι·
330 409 387 477 καί
409 409 473 499 γάρ
497 408 578 479 οὐδὲ
600 411 759 500 προάγνω
782 409 908 496 ταύτην
930 410 966 477 έκ
989 407 1110 488 ΔιόςΒ

57 542 116 604 μοι
143 513 207 601 τὴν
233 515 339 602 τάχην
366 518 545 606 ἐσομένην,
577 522 625 598 εἰς
651 515 695 605 ἣν
716 521 788 595 ξνῦν
815 515 833 586 ὁ
857 515 938 596 θεὸς
961 517 1075 603 φέρων

58 622 266 708 κατέστησεν.
304 620 375 709 ἐγώ,
388 623 425 691 δὲ
444 623 685 711 αἰσχυνόμενος
703 622 816 711 άρχων
835 621 972 691 ἰδιιίτον
991 648 1075 708 φαυ-

31 727 196 816 ςλότερος
223 725 311 796 εἰναι
333 730 460 815 λέληθα
483 729 642 817 ἐμαυτόν,
671 726 774 798 οὐδέν
792 729 887 814 δέον,
912 725 995 816 ὑμῖν
1016 731 1076 814 τῆς

60 830 233 920 ἀγροικίας
254 833 454 926 μεταδιδοὺς
475 840 534 921 τῆς
556 836 710 923 ἐμαυτοῦ.
741 840 802 902 καί
820 860 862 922 με
881 835 991 919 ἕτερος
1007 836 1076 901 τῶν

28 959 34 984 -·
60 939 244 1020 Πλάτωνος
278 941 394 1029 νόμων
425 939 687 1029 ὑπομνησθέντα
719 943 865 1030 ἐμαυτοῦ
896 946 1075 1026 πεποίηκεν

59 1044 315 1135 ἀπεχθάνεσθαι
350 1047 435 1136 πρὸς
458 1045 570 1135 ὑμᾶς,
606 1047 644 1129 ὅς
679 1070 762 1136 φησι
795 1053 868 1117 δεῖν
904 1052 987 1116 αἰδῶ
1019 1048 1075 1116 καί

60 1153 288 1242 σωφροσύνην
311 1151 427 1222 ἀσκεῖν
448 1153 529 1234 τοὺς
548 1153 784 1241 ἄρχονταςκαὶ
802 1153 1076 1242 τοόςπρεσβυτέ-

17 1295 46 1335 10
61 1287 152 1349 ρονς,
175 1263 232 1328 ἵνα
254 1256 295 1328 τά
316 1259 430 1348 πλήθη
454 1259 537 1349 πρὸς
560 1258 683 1341 αότοὺς
705 1258 935 1348 ἀποβλέποντα
953 1265 1114 1350 κοσμηο

60 1393 125 1434 ται.
170 1365 264 1458 μάνςο
297 1359 361 1435 οὖν
392 1394 465 1454 μοι,
501 1370 630 1455 μᾶλλον
658 1366 696 1435 δὲ
726 1366 788 1448 ξὺν
816 1364 942 1454 ὀλίγοις
970 1369 1077 1454 έπιτη-

62 1471 197 1539 δεύοντι
220 1477 286 1540 νῦν
306 1476 406 1541 τοῦτο
429 1471 513 1558 πρὸς
534 1472 661 1561 θάτερα
684 1474 836 1559 περιέστη
860 1474 916 1540 καί
938 1474 1078 1568 γέγονεν

62 1574 126 1645 οὐκ
147 1574 328 1659 ἀπεικότως
350 1581 388 1646 έν
411 1576 542 1646 ὀνείδει.
580 1576 659 1646 ἑπτά
683 1577 772 1665 [μέν]
796 1575 860 1665 γάρ
884 1578 984 1664 έσμεν
1007 1583 1078 1646 οἵδε

62 1685 147 1769 [καὶ]
174 1682 252 1773 παρ’
284 1683 366 1772 ὑμῖν
396 1685 485 1765 ξένοι
512 1682 686 1771 νεήλυδες,
723 1678 769 1761 εἷς
796 1681 833 1750 δέ
861 1682 916 1748 καί
942 1689 1079 1770 πολίτης

21 1824 50 1864 τε
62 1787 237 1879 ὑμέτερος,
255 1789 360 1881 Ἑρμῇ
383 1798 481 1877 φίλος
503 1790 559 1858 καί
583 1792 671 1877 έμοί,
696 1788 808 1876 λόγων
831 1784 961 1874 ἀγαθὸς
983 1793 1079 1878 δημι-

63 1895 201 1985 ονργός,
236 1895 287 1977 οἷς
314 1895 416 1965 οὐδέν
444 1898 512 1964 έστι
538 1894 623 1984 πρός
643 1923 720 1963 τινα
743 1895 969 1982 συμβόλαιον,
1002 1894 1076 1964 οὐδ’

63 2001 170 2089 ἀλλην
202 2000 286 2071 ὁδὸν
318 2007 497 2089 βαδίζομεν
524 1998 574 2092 (ἢ)
602 2000 685 2088 πρὸς
710 2000 751 2069 τὰ
778 2004 847 2069 τῶν
872 2005 966 2069 θεῶν
993 2002 1078 2090 ίερά,

62 2109 121 2200 καὶ
143 2105 306 2195 ὀλιγάκις,
334 2106 376 2177 οὐ
398 2107 532 2194 πάντες,
560 2113 607 2188 εἰς
628 2107 669 2176 τά
692 2109 834 2196 θέατρα,
860 2113 1115 2197 πεποιημένοιΙ)

59 2215 101 2282 τὸ
133 2216 395 2283 δνσκλεέστατον
430 2219 499 2282 τῶν
531 2219 639 2302 ἔργων
670 2214 725 2281 καί
758 2216 986 2284 ἐπονείδιστον
1017 2221 1080 2285 τοῦ

20 2351 50 2391 ιο
62 2326 142 2406 βίον
164 2323 269 2400 τέλος·
298 2321 515 2409 έπετρέψονσί
533 2346 592 2407 μοι
605 2319 746 2400 ,πάντως
768 2324 804 2388 οἰ
822 2324 891 2388 τῶν
908 2318 1080 2410 Ἑλλήνων

63 2428 166 2515 σοφοί
198 2427 305 2515 φάναι
336 2454 368 2495 τι
399 2431 469 2495 τῶν
500 2424 578 2515 παρ’
611 2424 693 2514 ὑμῖν
711 2428 1001 2510 ,έπιπολαζόντων
1039 2427 1080 2498 οὐ

62 2533 127 2622 γάρ
161 2539 224 2621 ἔχω
252 2538 322 2612 πῶς
351 2529 394 2600 ἀν
422 2530 503 2601 αὐτὸ
526 2533 660 2622 Ιμάλλον
688 2535 910 2621 ἐνδειξαίμην·
944 2537 996 2604 ἐπὶ
1011 2541 1081 2624 ,τῆς

62 2646 228 2729 μεσιτείας
255 2638 378 2719 αὑτοὺς
401 2638 575 2726 ἐτάξαμεν,
608 2636 694 2707 οὕτω
717 2642 793 2728 περὶ
815 2645 943 2710 πολλοῦ
964 2642 1080 2711 ποιού-

133 2780 147 2826 1
171 2772 221 2826 καλ
240 2767 337 2832 άλλοις
355 2775 425 2825 MbF'
444 2773 526 2838 Plan]
553 2770 603 2824 καλ
620 2777 682 2833 τοῖς
701 2765 807 2833 ἀλλοις.
842 2775 917 2827 Loco
935 2777 1079 2828 verborum

65 2841 148 2910 [τοῖς]
173 2833 273 2901 ἀλλοις
290 2837 483 2907 μεταδιδόναι
506 2844 535 2891 in
552 2842 577 2890 V
595 2848 638 2892 est
655 2851 716 2891 atra
734 2841 842 2892 macula
910 2847 926 2894 2
948 2836 1081 2908 προάγνω

63 2908 102 2976 Η]
124 2907 257 2977 προέγνω
275 2927 307 2972 v,
337 2927 374 2973 πρ
377 2945 529 2962 .........
551 2903 582 2958 ἔκ
601 2901 665 2966 διὸς
683 2911 708 2958 V
776 2902 916 2968 Βόθεός
936 2906 1033 2975 φέρων
1050 2914 1079 2961 in

63 2979 103 3029 Ρε
122 2980 234 3044 punctis
252 2983 349 3027 notata
418 2969 566 3040 Ὶέμαντῷ
585 2975 712 3025 MbFPef
727 2981 804 3026 mart.
861 2970 984 3036 8αότός
1003 2976 1079 3043 φημὶ

63 3050 102 3109 V,
120 3037 209 3103 αότός
229 3059 299 3112 φησι
317 3045 408 3103 Μθδι
428 3040 504 3093 αἰδῶ
521 3041 578 3108 Mb]
597 3034 673 3094 αἰδώ
743 3047 775 3094 10
792 3039 935 3107 βλέποντα
954 3046 978 3095 V
1048 3047 1079 3095 11

64 3109 119 3177 ξὺν
137 3110 171 3177 V]
190 3106 244 3164 σὺν
315 3116 347 3161 12
373 3112 542 3175 περίεστιν
612 3113 644 3160 13
667 3105 719 3174 μὲν
738 3126 788 3161 om.
809 3111 857 3160 VI?
910 3113 941 3161 14
959 3109 1008 3164 καλ
1027 3128 1079 3165 om.

63 3182 103 3231 Pe
122 3187 201 3230 mart.
220 3185 277 3246 pet.
303 3182 356 3229 Pro
375 3178 439 3230 οίδε
457 3175 507 3228 καὶ
525 3178 591 3230 Βείτ.
611 3169 630 3242 ἢ
648 3172 720 3230 δέκα
738 3178 835 3230 scribit
871 3181 901 3228 16
920 3172 989 3230 τάδε
1008 3180 1080 3230 VMb

65 3252 96 3300 17
120 3241 139 3315 ἢ
159 3249 223 3299 εδδ.
242 3248 310 3298 Cob.
336 3249 341 3309 Ι
373 3240 443 3310 πρὸς
461 3243 497 3329 Vj
518 3247 589 3310 πρὸς
606 3240 639 3296 δὲ
692 3247 724 3295 18
743 3239 778 3296 οά
795 3241 891 3311 πάντη
908 3246 996 3296 MbPe
1049 3249 1080 3296 19

64 3309 355 3368 ἐπονειδιστάτατονῗ
424 3317 455 3364 21
476 3316 547 3379 ημῖν
573 3317 652 3363 mart.
672 3319 728 3377 pet.
798 3315 831 3362 22
851 3309 921 3378 ἔχων
948 3314 986 3363 Pe
1002 3320 1080 3363 mart.

64 3385 165 3449 spanb.
189 3385 193 3441 1
220 3387 285 3441 ταῖς
303 3383 461 3444 μεσιτείαις
480 3389 557 3430 mart.
576 3391 631 3445 pet.
699 3383 732 3431 ⁶23
752 3372 859 3438 αὐτοὺς
877 3379 954 3447 Cob.]
976 3371 1101 3437 αότοὺς

65 3443 150 3518 (αντὸ
169 3457 246 3500 mart.
264 3448 333 3515 pet.)
366 3449 370 3514 Ι
402 3442 545 3513 ἐτάξαμεν
565 3445 672 3512 VMbF]
695 3441 841 3515 έταξαμην
868 3449 872 3513 Ι
904 3443 1083 3513 ποθούμεθα

65 3525 145 3575 mart.
163 3526 217 3583 pet.
