2416 3864
439 155 576 207 ossfflo
596 155 670 208 v111.
997 154 1061 218 319

36 281 189 367 χαλεπῶς
221 278 258 346 δέ
290 275 380 367 ὅμως
412 280 534 368 ε’χούση
565 278 649 370 πρὸς
680 279 742 369 τὴν
775 288 965 350 συνουσίαν
998 281 1059 368 αύ-

37 387 124 471 τῶν,
157 393 258 452 είκειν
286 382 368 476 ρ’όετο
400 390 535 476 χρῆναι,
567 391 686 473 ταῦτα,
720 383 764 468 ὡς
796 388 898 473 εἰκός,
930 390 1059 478 λογιζό-

38 511 153 579 μενος·
182 487 321 559 ἀκούειν
348 491 386 560 δὲ
413 491 476 582 χρὴ
502 496 571 560 τάν
599 495 672 580 ἑξῆς
701 489 745 574 ὡς
772 497 833 563 τοῦ
856 493 1059 582 Περικλέους

40 594 161 665 αὐτοῦ·
192 594 282 684 Ἐμοὶ
315 597 410 679 πόλις
442 600 503 686 μέν
536 601 604 666 ἐστι
636 601 691 667 καὶ
723 600 840 689 πατρὶς
872 596 890 668 ὁ
924 599 1058 687 κόσμος,

15 703 98 773 ικαὶ
136 710 229 790 φίλοι
260 705 337 772 θεολ
369 706 424 772 καλ
457 710 615 792 δαίμονες
646 707 702 772 καὶ
739 705 859 786 πάντες
891 703 1098 777 όσοικαίΒ

40 808 128 878 ὅπου
162 815 350 878 σπουδαῖοι.
399 809 461 899 χρὴ
494 810 532 879 δέ
564 810 619 879 καλ
652 803 695 879 οὗ
726 812 910 898 γεγόναμεν
947 815 1059 899 τιμᾶν,
1142 822 1143 826 ’

41 913 155 1002 ἐπειδὴ
191 918 291 984 τούτο
328 917 423 996 θεῖός
459 919 527 984 ἐστι
564 916 682 1004 νόμος,
718 919 774 984 καὶ
806 924 991 986 πείθεσθαί
1022 945 1060 1004 γε

42 1016 164 1102 οἷς·,άν
193 1021 345 1110 ἐπιτάττῃ
373 1023 428 1090 καὶ
455 1021 500 1111 μὴ
529 1022 702 1109 βιάζεσθαι
730 1025 829 1111 μηδέ,
857 1021 877 1092 ό
905 1044 1011 1111 φησιν
1038 1020 1059 1111 ἡ
1130 1069 1133 1078 «

42 1134 219 1217 παροιμία,
251 1125 334 1215 πρὸς
365 1130 485 1216 κέντρα
517 1135 690 1210 λακτίζειν·
729 1127 958 1218 ἀπαραίτητον
995 1129 1059 1219 γάρ

15 1237 111 1302 οέστι
139 1231 176 1302 τὸ
205 1234 387 1321 λεγόμενον
406 1233 508 1320 ζυγὸν
534 1237 592 1322 τῆς
620 1231 774 1323 ἀνάγκης.
811 1233 854 1304 οὐ
871 1233 939 1324 μην
957 1232 1058 1325 ὀδυρ-

42 1342 121 1408 τεόν
153 1335 233 1407 οὐδὲ
264 1341 456 1428 θρηνητεόν
488 1337 542 1428 ἐφ’
573 1335 624 1421 οἷς
652 1342 813 1410 ἐπιτάττει
844 1340 1059 1431 τραχύτερον,

43 1443 127 1514 ἀλλὰ
154 1443 191 1513 τὸ
219 1449 356 1534 πρᾶγμα
373 1448 546 1532 λογιστέον
568 1444 660 1515 αὐτό.
706 1451 771 1516 νύν
790 1445 1059 1516 ἀπαλλάττεσθαι

42 1550 103 1620 τὸν
128 1548 355 1640 Ἀναξαγόραν
382 1549 444 1639 ἀφ’
474 1548 569 1640 ἡμῶν
596 1553 732 1638 κελεύει,
759 1552 894 1621 καὶτὸν
921 1551 1099 1642 άριστονο

44 1656 107 1727 oin
135 1655 290 1745 ὀψόμεθα
317 1660 385 1726 τῶν
412 1659 569 1748 ἑταίρων,
602 1655 648 1725 δι’
679 1654 721 1726 όν
747 1656 903 1747 ἠχθόμην
931 1658 993 1745 μὲν
1019 1662 1059 1746 τῇ

15 1770 156 1849 ενυκτί,
190 1761 241 1832 ὅτι
274 1791 330 1892 μοι
362 1762 423 1832 τὸν
450 1771 552 1851 φίλον
579 1760 643 1832 οὐκ
672 1760 908 1849 ἐδείκνυεν,
890 1761 996 1853 ημερα
1024 1763 1061 1832 δέ

44 1871 100 1939 καὶ
124 1865 217 1961 ἡλίῳ
249 1870 346 1996 χάριν
378 1866 584 1971 ἠπιστάμην,
618 1867 669 1938 ότι
702 1897 759 1957 μοι
791 1884 948 1958 παρεῖχεν
976 1866 1061 1958 ὁρᾶν

45 1967 88 2045 οὗ
114 1974 297 2063 μάλιστα’
282 2003 384 2064 ηρων.
427 1973 498 2044 ἀλλ’
529 1981 560 2044 εί
585 1972 694 2063 μέν”
674 1976 804 2064 ομματά
832 1995 886 2043 σοι
914 1976 1060 2042 δέδωκεν

43 2111 65 2170 η
98 2081 217 2169 φύσις,
250 2073 276 2149 ά
309 2087 497 2171 Περίκλεις,
530 2082 636 2169 μόνον
669 2079 778 2171 ὥσπερ
815 2095 885 2161 τοῖς
917 2077 1060 2167 όρνισιν,

46 2184 149 2256 οὐδὲν
177 2184 311 2268 ἀπεικός
337 2190 410 2255 ἐστί
433 2208 472 2256 σε
499 2186 728 2276 διαφερόντως
756 2185 937 2274 ἄχθεσθαι·
966 2190 997 2253 εί
1023 2188 1061 2254 δέ
1079 2204 1104 2256 D

15 2316 99 2366 οσοι
132 2291 257 2381 ψυχὴνΑ
278 2295 454 2362 ἐνέπνευσε
487 2294 542 2362 καὶ
575 2296 662 2362 νοῦν
694 2288 827 2381 ἐνῆκεν,
860 2289 922 2379 ὑφ’
953 2283 995 2360 οὗ
1022 2290 1061 2359 τὰ

44 2400 107 2488 μὲν
134 2396 242 2467 πολλὰ
269 2401 337 2466 τάν
357 2401 588 2487 γεγενημένων
606 2406 724 2489 καίπερ
753 2396 795 2468 ού
822 2398 973 2489 παρόντα
996 2401 1062 2467 νύν

45 2502 127 2597 ὁρᾷς
156 2501 213 2572 διά
244 2507 303 2591 τῆς
330 2505 474 2593 μνήμης,
505 2504 611 2574 πολλὰ
639 2505 677 2573 δὲ
704 2507 760 2574 καὶ
792 2509 860 2573 τῶν
893 2506 1062 2592 ἐσομένων

46 2609 63 2680 ὁ
97 2607 256 2697 λογισμὸς
289 2607 499 2700 ἀνευρίσκων
527 2609 638 2701 ὥσπερ
672 2609 818 2699 όμμασιν
847 2607 932 2700 ὁρᾶν
959 2629 1061 2699 προσ·
1133 2686 1142 2693 ι

45 2717 159 2804 βάλλει
187 2719 234 2807 τῷ
262 2718 327 2808 νῷ,
360 2717 416 2784 καὶ
447 2719 516 2785 των
543 2715 734 2785 ἐνεστώτων
761 2714 803 2784 ού
830 2715 870 2784 τά
902 2714 966 2805 πρὸ
994 2719 1062 2784 τῶν

15 2821 205 2910 ωόμμάτων
237 2816 257 2908 ἡ
286 2828 455 2909 φαντασία
487 2822 593 2910 μόνον
626 2820 885 2908 άποτυπουμίνη
919 2825 1062 2889 δίδωσιν

60 3081 62 3083 ·
114 3036 389 3098 3ο14ἀκούειν-
408 3038 499 3096 αὐτοῦ
518 3045 655 3096 emblema
679 3058 739 3095 esse
758 3047 855 3094 censet
872 3041 939 3096 Oob
970 3041 1006 3093 λι
1025 3043 1062 3093 cf.

39 3113 118 3166 -Plat
136 3113 247 3163 Menex.
265 3112 350 3163 2460
419 3105 513 3189 4ἐστι
531 3127 588 3164 om
601 3118 658 3178 pet.
721 3097 811 3189 θοῦ]
820 3102 874 3191 τὴγ
893 3096 928 3160 ού
948 3109 976 3158 H
1030 3111 1061 3160 11

46 3177 332 3327 ἷῗὲίέλίθλιῗπι
343 3182 390 3299 13,
393 3170 618 3327 αλλῒῖιωῗῗὲ
634 3180 689 3297 ἐι,
708 3180 773 3300 ἀλ
778 3168 1062 3310 λλξίλλῑθῖιῖλῗ

48 3319 80 3367 16
93 3322 122 3368 et
138 3318 171 3366 1⁷
198 3305 271 3382 ὁρᾶν
298 3300 331 3367 οὗ
355 3306 467 3382 VM]
454 3314 526 3377 ορᾶν
551 3330 586 3366 ον
612 3313 709 3380 spanh
744 3313 777 3362 In
803 3319 861 3378 pet.
884 3318 926 3362 εει
952 3310 1061 3362 lacuna

49 3383 177 3436 Ceterum
195 3384 322 3434 imitatur
337 3382 465 3434 Iulianus
483 3382 695 3460 Xenophontem
714 3377 806 3458 Symp.
823 3382 848 3442 4,
869 3381 901 3430 12
988 3381 1019 3430 18
1042 3368 1064 3430 ὦ

48 3451 143 3583 ιβιερλ..
154 3454 240 3568 ..ᾕρει
272 3448 278 3515 Ι
309 3443 418 3517 ὄρνισιν
438 3440 549 3516 VM]¹'
532 3463 625 3515 ορνισι
642 3465 673 3509 v,
697 3445 804 3515 θῆρσιν
826 3449 854 3498 H
939 3450 972 3498 23
993 3458 1063 3513 προ-

67 3536 84 3570 α
104 3525 149 3572 λει
