2436 3870
148 142 211 206 372
450 140 594 193 ιοοιιαι
616 111 865 189 ιιιεειιιόοαιε

154 280 248 339 λεων.
292 269 409 358 πρέποι
441 265 473 337 δ’
504 263 547 348 ἀν
574 267 629 334 καί
657 261 739 353 ὑμῖν
767 271 814 346 είς
840 271 1040 353 παραίνεσιν
1067 261 1106 333 τὸ
1125 261 1163 352 μὴ

102 381 381 466 νεοπαραβαίνειν
415 371 526 463 ίεροὺς
559 369 659 454 ὄντας
689 375 758 440 τῶν
789 374 882 440 θεῶν
918 368 998 451 τοὺς
1033 371 1164 459 νόμους.

155 484 225 553 ἐπεί
254 481 291 550 δέ
317 481 378 551 τόν
407 476 573 570 ἱερατικὸν
600 484 678 566 βίον
706 474 792 546 εἶναι
819 476 880 567 χρὴ
908 480 970 546 τοῦ
997 478 1165 546 πολιτικοῦ

156 588 368 678 σεμνότερον,
395 585 514 657 ἀκτέον
541 586 594 654 ἐπὶ
620 587 742 654 τοῦτον
769 586 825 653 καὶ
853 585 1042 654 διδακτέον·
1072 586 1166 665 ἕψον-

155 722 209 762 ται
237 696 285 781 δέ,
313 689 359 776 ῶς
385 694 484 778 είκίς,
512 695 548 760 οί
572 696 734 778 βελτίους·
764 689 828 778 ἐγω
855 691 917 779 μὲν
939 689 1004 782 γάρ
1032 690 1188 782 εόχομαιι

156 802 212 868 καὶ
249 801 395 887 πάντας,
436 802 553 881 ἐλπίζω
590 796 628 865 δὲ
665 795 745 879 τοὺς
785 800 936 880 ἐπιεικεῖς
977 799 1080 887 φύσει
1116 801 1166 869 καὶ

157 911 381 988 σπουδαίους·
415 903 656 992 ἐπιγνῶσονται
688 903 752 993 γάρ
786 909 931 986 οίκείους
962 903 1064 987 ὄντας
1095 909 1166 976 ἑαυ-

156 1028 226 1093 τοῖς
258 1011 336 1094 τοὺς
367 1012 499 1098 λόγους.
549 1007 692 1098 ἀσκητέα
723 1013 843 1080 τοίνυν
878 1009 943 1100 πρὸ
981 1013 1119 1082 πάντων
1148 1008 1167 1098 ἡ

157 1125 412 1207 φιλανθρωπία·
439 1116 543 1205 ταύτῃ
571 1113 635 1205 γάρ
663 1118 773 1184 ἕπεται
791 1110 896 1186 πολλά
923 1117 986 1204 μὲν
1014 1121 1071 1187 καί
1090 1117 1169 1188 ἀλλα

4 1268 7 1274 ·
117 1227 226 1292 Βτῶν
253 1221 406 1310 ἀγαθῶν,
434 1224 603 1311 ἐξαίρετον
630 1221 669 1290 δέ
696 1220 738 1309 δὴ
765 1224 821 1291 καὶ
849 1224 1007 1310 μέγιστον
1033 1221 1054 1312 ἡ
1083 1225 1169 1315 παρὰ
1182 1251 1202 1287 ιι

156 1332 226 1397 τῶν
256 1332 349 1397 θεῶν
382 1325 541 1415 εὐμένεια.
591 1327 745 1417 καθάπερ
778 1326 842 1418 γάρ
875 1333 910 1397 οί
938 1344 1010 1410 τοῖς
1042 1332 1169 1400 ἑαυτῶν

159 1434 332 1514 δεσπόταις
359 1435 652 1520 συνδιατνθέμενοι
679 1440 758 1523 περί
781 1461 815 1502 τε
842 1442 957 1522 φιλίας
983 1437 1040 1504 καὶ
1069 1457 1168 1506 σπου-

158 1538 220 1620 δάς
251 1541 321 1609 καῖ’
340 1545 463 1628 ἔρωτας
495 1536 688 1626 ἀγαπῶνται
724 1541 826 1609 πλέον
857 1544 925 1608 τῶν
962 1537 1169 1629 ὁμοδούλων,

158 1643 246 1720 οὕτω
283 1646 461 1734 νομιστέον
498 1645 599 1734 φύσει
635 1645 882 1735 φιλάνθρωπον
918 1642 959 1715 δν
995 1646 1033 1717 τὸ
1075 1661 1170 1719 θεῖον

158 1750 291 1839 ἀγαπᾶν
335 1750 415 1834 τοὺς
456 1749 719 1840 φιλανθρώπους
758 1755 827 1820 τῶν
868 1749 1014 1842 ἀνδρῶν.
1073 1751 1094 1843 ἡ
1136 1755 1171 1823 δὲ
1184 1776 1204 1816 15

159 1865 398 1948 φιλανθρωπία
417 1856 534 1946 ,πολλὴ
566 1859 621 1926 καί
650 1864 804 1926 παντοία·
837 1859 893 1927 καὶ
924 1857 962 1928 τὸ
994 1861 1170 1948 πεφεισμέ-

120 1976 226 2046 Ονως
253 1965 402 2048 κολάζειν
433 1963 513 2046 τοὺς
540 1961 745 2053 ἀνθρώπους
777 1965 830 2032 ἐπὶ
857 1967 903 2056 τῷ
931 1971 1079 2052 βελτίονι
1104 1969 1171 2035 τῶν

158 2074 403 2159 κολαζομένων,
437 2068 547 2160 ῶσπερ
581 2073 616 2138 οί
645 2070 841 2139 διδάσκαλοι
873 2068 914 2137 τά
945 2077 1079 2167 παιδία,
1116 2074 1171 2141 καὶ

158 2175 195 2246 τὸ
228 2176 287 2258 τὰς
318 2183 430 2265 χρείας
467 2173 580 2245 αὐτῶν
613 2178 845 2265 ἐπανορθοῦν,
883 2172 993 2266 ῶσπερ
1032 2183 1069 2247 οί
1096 2180 1173 2248 θεοὶ

159 2281 217 2364 τάς
251 2279 417 2371 ἡμετέρας.
468 2279 565 2372 ὁράτε
601 2280 664 2351 ὅσα
700 2277 781 2369 ἡμῖν
806 2281 1005 2351 δεδώκασιν
1041 2287 1079 2353 ἐκ
1114 2287 1173 2372 τῆς
1186 2307 1207 2345 εν

159 2391 220 2474 γῆς
248 2385 371 2473 ἀγαθά,
399 2385 527 2477 τροφάς
553 2394 714 2468 παντοίας
740 2389 796 2455 καὶ
824 2383 949 2470 ὁπόσας
977 2386 1058 2457 οὐδὲ
1086 2386 1173 2478 ὁμοῦ

159 2496 241 2561 πᾶσι
268 2507 338 2573 τοῖς
366 2491 469 2585 ζῴοις.
515 2496 585 2563 ἐπεὶ
613 2493 650 2563 δὲ
679 2495 858 2581 ἐτέχθημεν
885 2501 1020 2582 γυμνοί,
1048 2511 1121 2576 ταῖς
1138 2523 1173 2565 τε

160 2602 227 2667 τῶν
260 2597 352 2691 ζῴων
383 2594 468 2687 ἡμᾶς
499 2601 613 2689 θριξίν
644 2601 830 2669 ἐσκέπασαν
862 2602 918 2669 καὶ
944 2615 1014 2682 τοῖς
1047 2604 1084 2671 ἐκ
1116 2605 1175 2690 τῆς

160 2708 222 2793 γῆς
248 2707 432 2793 φυομένοις
458 2706 514 2775 καὶ
541 2721 611 2799 τοῖς
638 2708 674 2774 ἐκ
701 2708 862 2795 δένδρων.
903 2708 959 2775 καὶ
986 2704 1050 2776 οάκ
1076 2704 1172 2797 ἤρκε-

116 2825 220 2882 Βσεν
252 2808 363 2893 ἀπλῶς
395 2808 475 2880 οόδέ
508 2809 746 2899 αὐτοσχεδίως,
783 2811 934 2901 καθάπερ
968 2808 985 2881 ό
1020 2817 1173 2901 Μωυσῆς
1186 2834 1206 2875 2⁵

161 2925 226 3006 ἔφη
258 2917 337 3000 τοὺς
368 2920 509 3006 χιτῶνας
545 2923 661 3004 λαβεῖν
697 2922 933 3007 δερματίνους,
965 2915 1037 2987 ἀλλ’
1056 2934 1058 2939 “
1074 2916 1173 3008 ὁράτε

162 3023 226 3094 ὅσα
254 3028 384 3111 ἐγένετο
415 3027 474 3112 τῆς
497 3021 657 3112 Ἐργάνης
681 3020 827 3110 Ἀθηνᾶς
857 3023 898 3093 τὰ
926 3026 1027 3111 δῶρα.
1072 3041 1174 3096 ποῖον

163 3141 243 3223 οίνςο
271 3134 388 3222 χρῆται
416 3133 514 3222 ζῶονς
541 3144 642 3198 ποῖον
668 3132 782 3221 ἐλαίφ;
810 3128 898 3217 πλὴν
917 3139 950 3198 εί
973 3149 1062 3199 τισιν
1080 3127 1174 3218 ἡμεῖς

229 3375 246 3421 4
265 3365 387 3433 ἕψονται
405 3370 438 3438 V]
458 3365 584 3436 ὄψονται
603 3369 666 3435 (sie)
679 3373 743 3436 pet„
761 3362 886 3434 ὄψονται
899 3371 996 3436 spanh.
1050 3374 1067 3422 8
1086 3363 1173 3436 ἀσκη-

162 3436 227 3489 τέον
253 3444 308 3504 pet.
395 3442 427 3489 12
452 3435 708 3503 συνδιατιθέμενοι
735 3433 813 3503 Cob.]
844 3435 1073 3503 ουνδιαθέμενοι
1143 3441 1173 3488 19

162 3505 262 3570 χρείας
279 3502 353 3571 Pet.]
374 3510 472 3573 χεῖρας
540 3509 573 3557 20
592 3499 754 3578 δεδώκασιν
772 3505 807 3568 V]
827 3501 971 3556 δεδώκασι
