2446 3870
473 158 610 210 οεενιο
628 159 660 214 v.
872 125 878 160 ³
1015 157 1079 222 215

65 287 188 354 τοῦτον
215 275 279 353 οὖν
306 282 367 353 τόν
396 285 536 371 Γάλλον,
563 282 625 354 τόν
652 283 773 376 νοερὸν
799 284 900 372 θεόν,
927 284 988 355 τόν
1010 290 1079 355 τῶν

66 391 196 461 ἐνύλων
222 391 279 460 καὶ
306 385 372 459 ὑπὸ
405 390 549 479 σελήνην
576 394 677 459 είδῶν
704 392 862 479 συνοχέα,
895 394 935 480 τή
961 417 1077 483 προτε-

65 499 211 584 ταγμίνη
238 498 297 584 τής
324 493 406 584 ὕλης
433 501 523 587 αίτίηι
551 496 728 584 συνιόντα,
761 497 923 567 συνιόντα
951 497 988 567 δὲ
1016 495 1077 585 ούχ

65 599 110 684 ῶς
136 600 241 671 άλλον
268 599 361 690 άλλη,
389 599 457 671 ἀλλ’
488 597 562 672 οίον
581 599 663 671 αύτὸ
682 608 729 684 είς
746 606 845 673 τοῦτο
874 657 961 671 ....
989 599 1071 672 ὑπο·
1080 624 1129 675 166

36 707 262 800 ιφερόμενον.
312 713 361 788 τίς
398 698 462 776 οὖν
493 704 513 796 ή
547 708 668 797 Μήτηρ
704 712 773 777 τῶν
807 712 915 792 θεῶν,
952 704 973 796 ή
1009 713 1077 777 τῶν

64 813 308 902 κυβερνῶντων
340 811 419 894 τούς
451 816 609 901 ἐμφανεῖς
641 818 770 904 νοερῶυ
797 817 852 884 καί
881 820 1076 909 δημιουργι-

64 924 134 990 κῶν
161 923 255 988 θεῶν
281 919 384 1008 πηγή,
412 915 433 1006 ή
461 921 516 988 καὶ
544 923 687 988 τεκοῦσα
714 922 767 989 καὶ
798 924 1004 990 συνοικοῦσα
1030 925 1076 1012 τῷ

64 1026 196 1117 μεγάλῳ
224 1028 284 1094 Διί
311 1023 393 1105 θεὸς
419 1021 593 1094 ύποστάσα
624 1025 748 1113 μεγάλη
776 1024 856 1113 μετὰ
884 1024 944 1094 τὸν
971 1028 1077 1113 μέγαν

64 1133 119 1200 καλ
147 1129 213 1201 σὺν
240 1135 285 1223 τῶ
313 1130 443 1222 μεγάλῳ
472 1134 677 1223 δημιουργῷ,
704 1126 725 1220 ἡ
752 1132 860 1219 πάσης
887 1131 949 1219 μὲν
976 1137 1076 1221 κυρία

23 1263 51 1303 10
65 1240 157 1325 ζωής,
184 1237 293 1326 πάσης
319 1236 357 1306 δὲ
384 1238 543 1323 γενέσεως
570 1242 674 1323 αίτία,
702 1233 723 1325 ή
751 1240 856 1328 ῥᾷστα
883 1236 945 1325 μὲν
972 1239 1075 1307 ἐπιτε-

64 1346 170 1413 λούσα
202 1341 243 1412 τά
274 1342 474 1430 ποιούμενα,
506 1346 659 1430 γεννῶσα
687 1343 724 1412 δδ
752 1348 829 1431 δίχα
860 1343 994 1425 πάθους
1021 1345 1076 1413 καί

64 1452 317 1540 δημιουργούσα
347 1447 388 1517 τδι
421 1447 502 1517 ὅντα
533 1447 614 1536 μετδι
645 1453 706 1517 τού
733 1449 869 1541 πατρός·
903 1447 987 1538 αὕτη
1020 1452 1112 1519 καλΒ

64 1556 233 1643 παρθένος
274 1552 408 1644 άμήτωρ
445 1556 501 1624 καί
537 1549 623 1635 Διός
658 1555 836 1636 σύνθακος
873 1557 929 1624 καί
970 1554 1076 1647 μήτηρ

63 1662 156 1729 θεῶν
189 1658 294 1742 όντως
327 1651 413 1730 οὖσα
439 1660 584 1729 πάντων.
629 1663 697 1729 τῶν
725 1658 788 1749 γάρ
817 1663 949 1748 νοητῶν
976 1657 1076 1750 ὑπερ-

22 1791 49 1833 15
63 1771 222 1854 κοσμίων
252 1769 345 1835 θεῶν
382 1767 542 1854 δεξαμένη
583 1765 719 1836 πάντων
755 1772 862 1847 αἰτίας
898 1769 936 1834 ἐν
976 1768 1077 1855 ἑαυτῇ

63 1870 152 1960 πηγὴ
189 1886 259 1954 τοῖς
294 1886 425 1959 νοεροῖς
461 1874 599 1958 ἐγένετο.
653 1872 778 1961 ταύτην
814 1870 855 1960 δή
891 1869 954 1960 τήν
991 1871 1076 1942 θεὸν

64 1969 171 2047 οὖσαν
197 1980 253 2047 καί
281 1978 445 2067 πρόνοιαν
473 1983 555 2066 ἔρως
581 1978 643 2066 μὲν
670 1973 823 2066 ὑπῆλθεν
851 1974 983 2065 ἀπαθής
1003 1976 1076 2046 ’Ἁτ-

62 2090 167 2165 τιδος·
201 2083 379 2153 ἐθελούσια
412 2081 475 2173 γάρ
504 2081 589 2173 αύτή
621 2085 677 2153 καί
704 2081 788 2152 κατὰ
820 2082 958 2170 γνώμην
986 2084 1076 2151 ἐστὶν

64 2186 106 2258 ού
131 2187 173 2258 τδι
201 2194 304 2258 ἔνυλοι
330 2189 449 2278 μόνον
465 2195 548 2278 είδη,
576 2188 662 2259 πολὺ
691 2189 728 2259 δὲ
751 2188 853 2258 πλέον
879 2187 920 2257 τὰ
947 2186 1076 2257 τούτων

23 2320 49 2360 εο
63 2304 162 2364 αίτια.
203 2296 265 2383 τήν
293 2292 335 2384 δή
354 2294 395 2364 τδι
413 2295 574 2383 γινόμενα
592 2297 647 2365 καὶ
667 2295 876 2386 φθειρόμενα
903 2294 1076 2377 σώζουσαν

61 2399 275 2491 προμήθειαν
312 2403 393 2491 ἐρῶν
429 2396 447 2470 ὁ
484 2405 594 2490 μῦθος
635 2407 699 2490 ἔφη
736 2405 794 2489 τής
835 2405 1111 2492 δημιουργικήςῦ

62 2506 193 2575 τούτων
221 2512 328 2588 αἰτίας
355 2508 411 2577 καὶ
439 2513 596 2595 γονίμου,
624 2509 679 2577 καὶ
707 2506 855 2577 κελεύειν
882 2507 943 2595 μὲν
971 2504 1077 2594 αὐτὴν

63 2615 100 2680 ἐν
127 2615 174 2704 τῶ
201 2615 312 2704 νοητῷ
340 2618 463 2682 τίκτειν
489 2617 616 2700 μάλλον
643 2614 698 2681 καὶ
726 2612 915 2702 βούλεσθαί
939 2641 976 2701 γε
993 2611 1077 2704 πρὸς

64 2716 187 2807 ἑαυτήν
214 2718 443 2809 ἐπεστράφθαι
470 2720 525 2788 καὶ
545 2733 727 2806 συνοικεῖν,
755 2721 915 2807 ἐπίταγμα
939 2718 977 2788 δὲ
1004 2744 1076 2789 ποι·

9 2847 49 2888 ἐι
63 2834 188 2910 εῑσθαι,
215 2826 335 2913 μηδενί
362 2827 430 2893 τῶν
458 2822 578 2912 άλλων,
606 2812 673 2912 άμα
700 2824 762 2912 μὲν
784 2822 821 2893 τό
842 2824 985 2905 ἑνοειδδς
1012 2846 1076 2892 σω-

61 2929 180 3016 τήριον
213 2927 420 3017 διῶκουσαν,
452 2928 520 3018 άμα
547 2931 585 3000 δὲ
612 2929 808 3018 φεύγουσαν
840 2928 876 2999 τὸ
905 2928 989 3019 πρὸς
1015 2927 1077 3017 τήν

63 3032 150 3123 ὕλην
187 3039 326 3104 νεῦσαν·
367 3035 451 3126 πρὸς
491 3036 614 3125 ἑαυτήν
649 3063 684 3104 τε
720 3038 854 3123 βλέπειν
894 3036 1076 3122 ἐκέλευσεν,

124 3301 476 3390 4ύποφερόμενον],,
483 3313 569 3363 Deest
593 3311 718 3370 verbum,
746 3315 813 3376 puta
837 3306 986 3376 is'yopsvss
1015 3312 1077 3367 Pet

65 3367 131 3427 14
115 3393 171 3429 υπε
172 3378 315 3456 ριιοσμίων
334 3378 457 3430 deletB
476 3379 652 3443 Εἐἰεδετὶολι,
660 3393 724 3460 ego
742 3392 772 3428 τε
791 3377 889 3428 addam
977 3379 1009 3430 15
1032 3373 1078 3430 αί·

63 3396 326 3578 ἔξαρημέςναξτίας
344 3447 371 3497 Η
451 3448 483 3498 18
502 3438 579 3498 ἐστὶν
597 3444 633 3511 Η]
644 3416 714 3496 εὀιλ
789 3447 820 3495 19
840 3442 905 3511 εἴδη
924 3442 997 3512 Pet]
1018 3439 1077 3514 ήδη
