2416 3864
310 161 491 213 EPISTOLA
509 160 560 211 AD
576 161 816 215 THEMISTIUM.
1005 167 1067 232 341

48 287 113 358 τδυ
149 285 354 376 Ἀριστοτέλη
390 287 451 357 τὸν
488 287 599 376 σοφὸν
635 290 762 370 ἐκάλεις
796 291 968 381 μάρτυρα,
1005 294 1068 384 τὴν

49 392 274 482 εὐδαιμονίαν
301 396 338 462 έυ
369 397 417 487 τῶ
447 395 604 486 πράττειν
631 387 670 465 εῦ
700 398 894 484 τιθέμενον,
920 401 978 468 καί
1004 400 1068 489 τὴν

50 497 224 590 διαφοράν
251 503 444 570 σκοποῦντα
470 505 533 571 τοῦ
559 528 594 571 τε
621 506 794 573 πολιτικοῦ
818 509 898 591 βίου
925 506 981 574 καί
1009 510 1068 595 τῆς

50 611 88 676 ἐν
109 609 152 697 τῇ
179 613 308 698 θεωρίμ
333 610 424 696 ζωῆς,
453 613 628 698 διαπορεῖν
651 605 732 677 άττα
758 611 834 698 περὶ
861 607 984 700 αὐτῶν,
1011 615 1070 682 καλ

22 713 112 802 οτὴν
144 712 208 800 μὲν
238 720 389 802 θεωρίαν
421 717 459 782 έν
490 713 604 796 ἄλλοις
635 718 816 803 προτιμᾶν,
849 719 997 786 ἐπαινεῖν
1030 719 1067 788 δέ

50 822 202 889 ἐνταῦθα
219 818 300 900 τοῦς
316 821 386 888 τῶν
403 824 515 890 καλῶν
533 821 686 911 πράξεων
712 817 951 909 ἀρχιτέκτονας.
988 827 1070 894 τοό«

49 953 130 1008 τους
162 925 200 994 δὲ
231 923 334 1007 αὐτὸς
364 926 427 1014 μὲν
458 925 545 996 εἶναι
578 925 645 1016 φὴς
674 925 755 1007 τοὺς
787 931 956 1016 βασιλέας,
982 927 1109 1020 ’Apa-D

50 1035 206 1119 στοτέλης
243 1031 280 1101 δέ
317 1040 450 1122 είρηκευ
486 1029 640 1121 οῦδαμοῦ
675 1032 759 1102 κατὰ
794 1032 858 1122 τὴν
898 1031 964 1104 ὑπὸ
1003 1041 1067 1106 σοῦ

48 1149 296 1228 προστεθετσαν
323 1141 427 1226 λέξιν,
453 1134 556 1209 πλέον
584 1139 621 1209 δέ
648 1140 795 1228 θάτερον
823 1143 856 1223 ἐξ
885 1132 933 1210 ῶν
960 1167 1066 1232 παρα-

10 1272 35 1311 ιι
48 1247 221 1335 γέγραφας
248 1243 291 1315 ῶν
308 1271 358 1327 τις
381 1246 520 1334 νοήσειε.
557 1244 595 1316 τό
619 1245 683 1337 γάρ
710 1246 889 1333 ,Μάλιστα
908 1248 945 1317 δέ
963 1250 1066 1340 πράτ-

48 1379 120 1421 τειν
137 1353 291 1440 ’λέγομεν
321 1359 447 1443 κυρίως
477 1354 533 1422 καί
569 1356 639 1422 τῶν
675 1355 878 1444 ἐξωτερικῶν
913 1354 1066 1445 πράξεων

47 1456 131 1539 τοῦς
155 1472 229 1539 ταῖς
256 1463 424 1539 διανοίαις
455 1456 712 1546 ἀρχιτέκτοναςιι
729 1465 789 1541 είς
815 1460 895 1542 τοὺς
921 1465 1064 1550 νομοθέ-

47 1592 109 1645 τας
148 1567 205 1633 καλ
245 1562 326 1646 τοῦς
362 1555 555 1646 πολιτικοὺς
594 1566 808 1653 φιλοσόφους
846 1569 903 1635 καλ
940 1569 1067 1649 πάντας

48 1667 163 1752 ἁπλῶς
188 1669 268 1753 τοῦς
294 1673 351 1763 νῷ
371 1697 407 1740 τε
433 1673 490 1741 καὶ
508 1670 597 1765 λόγφ
624 1670 839 1762 πράττοντας,
867 1670 942 1760 οῦχλ
962 1673 1000 1742 δέ
1019 1679 1066 1754 είς

10 1804 33 1844 15
47 1775 130 1858 τοῦς
157 1774 369 1868 αὐτουργοὺς
396 1779 452 1847 καλ
478 1781 547 1847 τῶν
574 1780 754 1848 πολιτικῶν
780 1778 934 1868 πράξεων
962 1778 1121 1869 §proi-264

49 1912 109 1965 τας
136 1887 292 1975 είρῆσθαι
320 1885 509 1971 νομιστέον·
538 1879 589 1967 οἷς
607 1881 670 1954 οῦκ
688 1881 818 1972 ἀπόχρη
837 1883 944 1971 μόνον
963 1887 1065 1955 ἐνθυ-

48 1993 202 2078 μηθῆναι
228 1993 286 2060 καὶ
312 1993 518 2079 κατανοῆσαι
535 1992 592 2061 καὶ
609 1989 647 2060 τὸ
666 1992 833 2080 πρακτέον
859 2004 930 2071 τοῖς
953 1988 1066 2071 άλλοις

49 2097 194 2185 φράσαι,
226 2097 385 2187 προσήκει
417 2096 455 2165 δέ
482 2093 598 2178 αὐτοῖς
620 2099 752 2167 έκαστα
783 2102 1066 2186 μεταχειρίζεσθαι

49 2203 105 2270 καλ
133 2203 290 2293 πράττειν
318 2193 367 2272 ῶν
385 2207 421 2271 οί
445 2203 545 2291 νόμοι
563 2203 801 2293 διαγορεόουσι
825 2203 882 2272 καὶ
908 2202 1067 2284 πολλάκις

11 2334 35 2373 ιο
49 2313 86 2377 οί
116 2311 228 2399 καιρολ
259 2310 587 2400 προσαναγκάζουσι,
622 2308 711 2398 πλὴν
744 2315 775 2379 εί
805 2307 850 2398 μὴ
881 2307 943 2378 τὸν
974 2307 1065 2400 άρχι-

48 2417 188 2484 εέιιτουα
223 2420 406 2504 καλοῦμεν,
444 2417 599 2506 καθάπερ
627 2414 775 2507 Ὅμηρος
810 2413 872 2485 τὸν
904 2411 1067 2505 Ἡρακλέα

48 2530 164 2590 καλεῖν
182 2531 305 2592 εἴωθεν
323 2526 360 2591 ἐν
378 2523 418 2611 τῇ
436 2522 568 2610 ποιήσει
586 2523 740 2611 μεγάλων
758 2525 929 2611 ἐπιίστορα
947 2528 1066 2613 ἔργων,

49 2624 321 2717 αῦτουργότατον
340 2625 499 2698 ἁπάντων
518 2629 710 2717 γενόμενον.
743 2634 775 2697 εί
788 2628 825 2697 δέ
835 2626 923 2698 τοῦτ’
941 2625 1101 2717 άληθέςΒ

50 2729 333 2824 ὑπολαμβάνομεν
365 2731 386 2823 ἢ
418 2736 475 2802 καὶ
507 2733 614 2822 μόνον
651 2732 732 2816 τοῦς
763 2737 801 2803 έν
832 2738 878 2826 τῷ
911 2734 1066 2823 πράττειν

13 2837 90 2907 25τὰ
117 2840 217 2909 κοινά
244 2867 356 2930 φαμεν
375 2838 579 2928 εὐδαίμονας
604 2847 745 2930 κυρίους
763 2837 864 2920 ὄντας
891 2841 946 2907 καί
970 2845 1065 2924 βασι-

50 2945 210 3027 λεύοντας
236 2949 380 3035 πολλῶν,
408 2954 444 3016 τί
466 2972 547 3016 ποτε
574 2948 649 3036 περὶ
677 2945 879 3035 Σωκράτους
906 2946 1065 3032 έροῦμεν;

49 3053 263 3142 Πυθαγόραν
291 3054 328 3122 δέ
355 3055 411 3122 καὶ
431 3053 646 3142 Δημόκριτον
672 3053 728 3120 καὶ
756 3049 817 3120 τὸν
839 3051 1066 3137 Κλαζομένιον

135 3317 243 3380 λάττιι
261 3331 286 3381 V
372 3322 525 3389 θτοῦτους
544 3327 576 3394 V]
595 3321 704 3380 τοῦτον
789 3323 899 3378 8κατά
917 3325 996 3393 Oob.]
1014 3323 1066 3378 καί

38 3398 81 3445 ·11
100 3395 158 3447 τῶν
176 3396 290 3453 Aristot.
308 3397 368 3450 Pol.
388 3397 450 3459 VH,
469 3398 485 3447 3
494 3413 529 3479 φ.
545 3400 618 3454 1325,
631 3393 661 3462 b]
682 3388 713 3448 τό
783 3398 816 3446 12
834 3398 900 3455 ταῖς
919 3393 1066 3452 διανοίαις

49 3458 197 3528 Arist]
164 3480 216 3529 της
235 3463 369 3524 διανοίας
449 3466 481 3514 21
505 3460 632 3530 Ομηρος]
654 3462 752 3548 odyss.
771 3480 803 3528 φ,
822 3465 855 3513 26
935 3465 967 3514 23
985 3455 1065 3513 τοῦτ’

49 3526 85 3596 V]
104 3529 191 3581 τοῦτο
260 3536 294 3584 24
312 3526 379 3594 τοῦς
398 3533 491 3583 malim
508 3537 574 3582 ante
593 3531 710 3596 κυρίους
728 3527 816 3591 ὄντας
834 3540 1014 3598 transponere
