2408 3856
133 177 172 239 16
432 176 577 228 mmm
594 139 841 226 εωεωαεσοωε

87 311 267 393 Βέχεσθαι
299 306 486 391 πανταχοῦ,
520 305 642 384 ἐθίζων
670 300 765 369 δὲ
733 329 771 369 το
805 304 898 389 σῶμα
931 315 1001 382 τοῖς
1029 302 1184 384 πόνοις

132 409 215 501 πρὸς
241 409 299 492 τὰς
327 407 555 498 μεταβολὰς
536 411 620 500 ρᾷον
639 407 815 529 διήνεγκας
842 406 904 495 τὴν
932 410 967 475 ἐκ
987 413 1185 478 Γαλατῶν
1195 429 1204 442 “

59 524 63 527 ’
133 522 179 598 εςί
206 522 429 607 Παρθυαίους
462 513 589 583 άνοδον
617 510 675 603 (η)
708 517 776 582 τῶν
807 520 979 582 πλουσίων
1012 518 1048 583 οί
1076 531 1183 596 ταῖς
1185 514 1204 609 4ᾗ

134 620 235 713 ῶραις
266 620 328 710 τὴν
361 631 493 709 οἴκησιν
531 619 872 708 συμμεταβάλλοντες,
905 625 936 686 εί
965 618 1056 708 παρά
1088 621 1148 690 τὸν
1202 668 1204 674 ι

132 727 250 818 καιρὸν
278 736 459 815 βιασθεῖεν.
504 732 563 795 καί
588 754 644 814 μοι
672 731 766 794 δοκεῖ
790 724 871 805 θεός
898 721 1039 813 εύμενης
1066 725 1202 820 πρὸςεξζ

131 833 194 922 την
221 837 289 902 τῶν
317 831 406 902 ὅλων
432 829 615 921 ἡγεμονίαν
643 833 676 912 ἐξ
705 828 807 923 ἀρχῆς
839 829 901 919 τὴν
934 829 999 919 σὴν
1027 829 1149 922 άρετὴν

132 939 395 1029 παρασκευάζειν
436 941 579 1024 ἐθέλων,
620 938 730 1028 κύκλῳ
769 958 806 1005 σε
842 952 1056 1025 περιαγαγεῖν
1093 941 1148 1008 καὶ
1174 991 1201 1027 4

134 1047 292 1127 ἐπι-δεῖξαι
323 1049 381 1132 τῆς
413 1042 516 1135 ἀρχῆς
549 1040 678 1130 ἁπάσης
711 1041 812 1133 ὅρους
843 1044 900 1111 καὶ
936 1043 1061 1131 πέρατα
1093 1046 1148 1114 καὶ
1195 1106 1203 1139 .-

135 1152 240 1238 φύσιν
258 1158 390 1241 χωρίων
417 1152 473 1219 καὶ
492 1152 634 1238 μέγεθος
660 1148 769 1238 χῶρας
787 1151 842 1217 καὶ
871 1148 1017 1236 δύναμιν
1035 1152 1149 1219 ἐθνῶν

83 1278 116 1326 14
133 1259 189 1326 καὶ
216 1261 346 1343 πλῆθος
372 1256 502 1324 πόλεων
528 1257 584 1324 καὶ
612 1255 718 1341 φύσιν
746 1255 861 1343 δήμων
888 1253 1008 1323 καὶτὸ
1037 1257 1201 1346 κράτι-ιο

135 1383 216 1431 στου
254 1358 367 1430 αὐτῶν
405 1364 557 1447 ἐκείνων,
594 1359 657 1448 την
689 1367 883 1451 γερουσίαν·
923 1352 972 1428 ῶν
1009 1359 1151 1445 οὐδενὸς
1200 1364 1203 1365 ’

66 1489 71 1501 “
135 1465 377 1554 ἀπολελεῖφθαι
404 1465 467 1556 χρὴ
495 1465 555 1534 τὸν
587 1465 670 1555 πρὸς
696 1467 864 1554 τοσαύτην
895 1464 1003 1555 άρχὴν
1029 1470 1150 1558 τρεφό-

135 1597 246 1660 μενον.
292 1571 328 1641 τὸ
362 1574 517 1660 μέγιστον
550 1573 587 1641 δὲ
619 1575 740 1662 μικροῦ
772 1600 811 1660 με
844 1574 1004 1659 διέφυγεν
1033 1579 1150 1661 είπεῖν,

135 1677 186 1747 ότι
213 1679 342 1747 τούτων
370 1674 527 1747 ἁπάντων
555 1675 670 1768 άρχειν
689 1681 725 1747 ἐκ
747 1684 879 1747 παίδων
899 1679 1151 1768 διδασκόμενος,
1197 1764 1203 1772 .

135 1782 298 1872 άρχεσθαι
329 1799 479 1873 κρεῖττον
511 1790 648 1871 ἔμαθες,
686 1782 770 1873 άρχῇ
793 1778 841 1873 ’τῇ
876 1788 994 1853 πασῶν
1031 1782 1150 1876 ἀρίστῃ
1165 1808 1201 1862 ιε’

134 1892 190 1959 καὶ
210 1889 412 1979 δικαιοτάτη,
431 1890 532 1977 φύσει
550 1918 585 1958 τε
607 1892 663 1959 καὶ
682 1890 786 1982 νόμω,
814 1889 940 1959 σαυτὸν
962 1886 1149 1974 ὑποτιθείς·

134 1998 234 2087 πατρὶ
262 1997 325 2090 γὰρ
353 1993 520 2085 ύπήκουες
538 1994 605 2086 ἅμα
627 1997 683 2066 καὶ
711 2004 853 2084 βασιλεῖ·
882 1987 930 2064 ῶν
958 2001 989 2065 εί
1010 1999 1066 2065 καὶ
1085 1999 1150 2067 θά-

134 2128 232 2193 τερον
263 2100 411 2194 ὑπῆρχεν
444 2107 558 2194 ἐκείνω
592 2103 712 2190 μόνον,
749 2100 863 2192 άρχειν
895 2099 985 2193 αύτῷ
1017 2103 1151 2186 πάντως
1194 2149 1198 2152 ·

95 2212 307 2296 Βπροσηκον
334 2201 385 2295 ἦν.
422 2216 531 2276 καίτοι
557 2215 634 2275 τίνα
652 2205 725 2277 ποτ’
756 2206 799 2276 άν
826 2234 874 2287 τις
898 2207 1026 2297 ἐξεύροι
1053 2218 1150 2298 βασι-

135 2310 231 2399 λικὴν
257 2311 389 2402 τροφὴν
416 2314 472 2381 καί
498 2317 653 2381 παιδείαν
672 2309 796 2401 άμείνω
823 2313 946 2401 ταύτης
967 2314 1069 2384 πάλαι
1097 2345 1150 2404 γε·
1165 2350 1191 2390 ω

135 2419 297 2506 νομένην;
340 2415 418 2486 οὔτε
441 2416 522 2515 Ιγάρ
562 2418 825 2507 Λακεδαιμόνιοι
866 2423 934 2488 τῶν
971 2417 1151 2510 Ἑλλήνων,
1195 2486 1201 2489 ,

137 2528 230 2613 οἵπερ
259 2521 300 2610 δὴ
329 2527 490 2593 δοκοῦσιν
517 2521 653 2615 άρίστης
676 2522 778 2616 άρχης
804 2529 863 2614 τῆς
888 2529 956 2594 τῶν
984 2531 1151 2614 βασιλέων

136 2636 347 2717 μεταλαβεῖν,
381 2627 467 2699 ούτω
499 2628 579 2712 τούς
602 2627 817 2722 Ἡρακλείδας
845 2636 1039 2721 ἐπαίδευον,
1073 2633 1151 2704 οὔτε

135 2737 204 2803 τῶν
237 2735 418 2827 βαρβάρων
451 2743 486 2806 οί
514 2737 758 2829 Καρχηδόνιοι,
790 2740 1044 2826 βασιλευόμενοι
1078 2746 1150 2809 δια-

136 2841 318 2931 φερόντως,
345 2846 404 2930 τῆς
432 2840 568 2934 άρίστης
591 2846 774 2932 ἐπιμελείας
800 2843 860 2913 τὸν
880 2841 1024 2935 άρχοντα
1052 2851 1187 2934 σφῶνω

135 2945 267 3036 ἠξίουν·
301 2945 384 3022 ἀλλὰ
411 2951 514 3018 πᾶσιν
545 2941 589 3037 ἦν
620 2949 718 3020 κοινά
749 2947 790 3019 τά
817 2949 907 3041 παρὰ
938 2954 1007 3019 τῶν
1034 2953 1150 3041 νόμων

97 3057 193 3142 Οτῆς
225 3052 342 3146 άρετῆς
374 3056 542 3143 γυμνάσια
579 3057 635 3125 καὶ
665 3056 706 3125 τά
738 3057 961 3145 παιδεύματα,
998 3059 1150 3150 καθάπερ

137 3157 296 3248 άδελφοῖς
327 3176 397 3243 τοῖς
433 3168 583 3243 πολίταις
620 3160 731 3252 άρξειν
763 3189 798 3231 τε
829 3165 885 3232 καὶ
918 3161 1150 3254 άρχθήσεσθαι

137 3266 307 3354 μελλουσι,
339 3270 395 3336 καὶ
428 3264 531 3336 οὐδὲν
564 3268 731 3358 διάφορον
757 3272 888 3358 προσην
921 3276 967 3350 είς
999 3276 1151 3353 παιδείας
1198 3295 1201 3301 “

134 3449 140 3459 ,
203 3401 219 3448 3
243 3400 436 3479 Παρθυαίους
457 3401 504 3467 Η]
522 3394 663 3480 Πάρθους
689 3393 736 3466 Ι
720 3419 738 3466 η
761 3403 823 3453 add
844 3404 911 3459 Rsk.
938 3402 943 3467 Ι
970 3398 1015 3471 ολ]
1040 3401 1070 3456 οἳ
1093 3408 1150 3458 VM
1200 3427 1202 3430 ·

137 3467 153 3514 4
158 3461 458 3586 συμμεταβάλλοντες
476 3465 521 3551 V]
532 3462 766 3551 μεταβάλλουσιν
830 3473 846 3521 6
867 3464 1028 3554 ηγεμονίαν
1051 3466 1120 3537 ἐξά
1101 3492 1151 3541 αρ

133 3549 189 3597 γης
207 3530 289 3598 Esk]
311 3526 449 3602 ἐξάρχῆς
469 3530 627 3602 ἡγεμονίαν
695 3540 729 3589 25
746 3528 881 3604 άρχοντα]
901 3531 1043 3606 άρξονταῖ
