2446 3870
479 137 617 189 ossfflo
638 140 667 188 v.
1021 137 1083 201 207

67 271 214 355 δημοσίᾳ
241 264 351 332 πάντα
378 263 577 351 ἐφυλάττετο
605 262 646 332 τὰ
674 280 886 354 γραμματεῖα.
932 263 1013 354 μετὰ
1040 265 1118 354 δηο

65 371 148 452 τούς
171 368 334 458 Ἕλληνας
366 367 450 439 αὐτά
479 366 633 459 Ῥωμαῖοι
664 372 902 459 παρεδέξαντο,
935 379 1083 459 συμβου-

66 477 249 558 λεύσαυτος
267 478 323 545 καὶ
341 473 457 557 αὐτοῖς
473 479 536 545 τοῦ
549 483 690 545 Πυθίου
708 479 762 546 ἐπὶ
779 475 840 546 τὸν
853 475 937 567 πρὸς
949 485 1082 567 Καρχη-

67 589 205 664 δονίους
231 582 378 670 πόλεμον
405 580 501 669 άγειν
534 585 569 651 ἐκ
603 590 754 672 Φρυγίας
789 582 852 672 την
882 580 968 652 θεόν
999 583 1082 672 σύμ-

38 717 183 779 εμαχον,
229 690 285 758 καλ
323 685 426 758 οὐδὲν
459 697 540 769 ἱσως
575 690 696 758 κωλύει
727 700 928 778 προσθεῖναι
960 687 1083 778 μικράν

66 801 219 886 ἱστορίαν
247 797 405 864 ἐνταῦθα.
451 794 618 884 μαθόντες
644 793 708 883 γάρ
726 793 786 863 τὸν
813 794 964 885 χρησμὸν
991 797 1082 864 στέλ-

64 890 186 972 λουσιν
212 905 248 970 οἱ
272 903 330 989 τῆς
356 903 541 990 θεοφιλοῦς
559 900 728 990 οἰκήτορες
752 896 876 989 Ῥῶμης
902 909 1082 992 πρεσβείαν

66 1007 275 1097 αἰτήσουσαν
299 1005 391 1095 παρὰ
422 1010 490 1076 τῶν
517 1006 698 1095 Περγάμου
731 1005 911 1095 βασιλέων,
945 1014 980 1076 οἱ
1009 1008 1083 1077 τότε

65 1113 230 1203 ἐκράτουν
257 1117 315 1201 της
334 1119 495 1203 Φρυγίας,
514 1116 569 1182 καλ
595 1109 674 1202 παρ’
705 1110 818 1182 αὐτῶν
841 1114 878 1183 δὲ
905 1118 972 1182 τῶν
992 1123 1083 1204 Φρυ-

25 1252 52 1290 10
66 1224 138 1307 γῶν
164 1223 223 1307 τῆς
253 1223 340 1295 θεοῦ
371 1219 409 1289 τὸ
447 1215 632 1306 ἁγιώτατον
664 1217 804 1308 άγαλμα.
854 1220 1013 1309 λαβόντες
1045 1219 1125 1290 δέΙ)

66 1318 153 1414 ἦγον
180 1324 241 1395 τὸν
260 1324 352 1415 ἱερὸν
379 1326 508 1415 φόρτον
527 1328 681 1408 ἐνθέντες
699 1322 813 1418 εὐρείᾳ
832 1332 969 1417 φορτίδι
987 1335 1082 1396 πλεῖν
1153 1316 1154 1324 ¹

67 1429 212 1514 εὐπετῶς
239 1433 410 1522 δυναμένη
437 1429 478 1500 τά
504 1435 651 1502 τοσαῦτα
677 1432 811 1521 πελάγη.
856 1444 1083 1523 περαιωθεῑσα

67 1538 106 1607 δέ
135 1539 278 1625 Αίγαιόν
305 1565 340 1607 τε
366 1539 421 1607 καὶ
447 1535 582 1625 Ἰόνιον,
615 1536 685 1607 είτα
711 1539 958 1628 περιπλεόσασα
985 1548 1081 1608 Σικε-

66 1651 144 1713 λίαν
171 1671 206 1713 τε
231 1647 287 1714 καί
318 1643 356 1713 τὲ
388 1643 565 1734 Τυρρηνὸν
596 1647 739 1731 πέλαγος
770 1648 824 1714 ἐπὶ
850 1640 913 1727 τάς
945 1643 1084 1733 ἐκβολάς

24 1779 51 1820 15
66 1753 129 1820 τοῦ
159 1750 325 1840 Τύβριδος
352 1750 525 1838 κατήγετο·
558 1752 614 1819 καὶ
641 1754 746 1839 δῆμος
773 1752 911 1839 ἐξεχεῖτο
938 1755 996 1839 τῆς
1022 1751 1082 1820 πό-

66 1866 149 1938 λεως
180 1854 245 1927 σύν
275 1861 315 1946 τῇ
347 1863 522 1949 γερουσίᾳ,
554 1853 712 1944 ὑπήντων
747 1884 784 1943 γε
820 1855 888 1944 μὴν
919 1855 983 1947 πρὸ
1015 1859 1083 1925 τῶν
1134 1899 1140 1909 -

66 1961 178 2032 άλλων
216 1969 312 2059 ἱερεῖς
348 1991 383 2031 τε
414 1965 469 2032 καὶ
507 1965 622 2052 ἱέρειαι
658 1967 761 2031 πᾶσαι
797 1964 853 2031 καὶ
889 1963 1008 2043 πάντες
1045 1965 1083 2030 ἐν

65 2070 180 2161 κόσμφ
208 2073 254 2162 τῶ
281 2071 442 2159 πρέποντι
468 2068 552 2138 κατὰ
583 2067 623 2137 τά
650 2069 787 2158 πάτρια,
815 2070 973 2156 μετέωροι
1000 2066 1083 2156 πρὸς

66 2174 129 2264 τὴν
146 2179 235 2244 ναύν
258 2172 550 2265 οὐριοδρομοῦσαν
568 2172 822 2264 ἀποβλέποντες,
849 2175 998 2263 καὶπερὶ
1017 2171 1136 2261 τηνισο

17 2312 52 2352 «εο
67 2281 187 2371 τρόπιν
215 2279 429 2352 άπεσκόπουν
460 2279 498 2350 τὸ
531 2281 654 2371 ῥόθιον
687 2282 888 2370 σχιζομένων
924 2283 992 2351 τῶν
1024 2308 1082 2349 κυ-

67 2388 194 2476 μάτων·
222 2385 293 2456 εἶτα
320 2389 540 2457 είσπλέουσαν
564 2389 750 2469 ἐδεξιοῦντο
777 2384 839 2478 τὴν
866 2390 954 2457 ναῦν
981 2408 1083 2477 προσ-

67 2497 251 2576 κυνοῦντες
287 2497 424 2575 ἕκαστος
456 2489 501 2575 ῶς
537 2500 630 2581 ἐτυχε
666 2492 856 2583 προσεστὼς
896 2494 1083 2584 πόρρωθεν.

66 2597 88 2688 ἡ
108 2601 146 2670 δὲ
174 2598 283 2690 ῶσπερ
303 2602 516 2682 ἐνδείξασθαι
534 2603 580 2692 τῷ
604 2595 774 2689 Ῥωμαίων
787 2602 959 2670 ἐθέλουσα
979 2599 1083 2691 δήμῳ,

69 2704 120 2775 ὅτι
151 2705 196 2795 μη
231 2706 354 2788 ξόανον
386 2704 529 2792 άγουσιν
565 2703 631 2775 άπὸ
668 2710 727 2795 τῆς
759 2712 910 2796 Φρυγίας
941 2705 1083 2793 άψυχον,

26 2841 53 2881 νε
69 2819 134 2901 ἔχει
162 2812 199 2881 δέ
228 2810 292 2901 άρα
321 2811 467 2900 δύναμίν
493 2840 569 2881 τινα
596 2819 693 2900 μείζω
711 2814 767 2881 καί
794 2814 970 2903 θειοτέραν
998 2808 1016 2880 δ
1040 2808 1082 2899 δὴ

68 2918 158 3009 παρὰ
184 2921 252 2988 τῶν
272 2921 419 3008 Φρυγῶν
445 2918 604 3006 λαβόντες
630 2922 763 3008 ἔφερον,
791 2917 903 3007 ἐπειδὴ
931 2920 992 2986 τοῦ
1019 2915 1083 2984 Τό-

67 3030 184 3115 βριδος
211 3023 334 3113 ἥψατο,
361 3022 424 3113 τὴν
455 3028 544 3093 ναύν
576 3029 708 3112 ἵστησιν
740 3023 850 3115 ῶσπερ
883 3028 1122 3112 ῥιζωθείσανΒ

67 3133 227 3219 ἐξαίφνης
254 3130 337 3201 κατὰ
368 3134 429 3200 τοῦ
465 3131 640 3220 Τύβριδος.
686 3125 797 3200 εἷλκον
830 3127 872 3218 δὴ
906 3120 969 3198 οὐν
1000 3125 1084 3218 πρὸς

136 3375 152 3424 5
170 3364 278 3439 μικράν
296 3368 335 3440 Η]
354 3367 457 3438 μικρόν
475 3389 507 3434 v;
525 3367 627 3438 μικρὸν
646 3366 772 3434 ἱστορίας
790 3371 857 3421 Rsk.
928 3358 1083 3422 13·Ἰόυιον

67 3439 106 3504 Η]
125 3431 235 3519 ’,ίῶνιον
271 3501 279 3521 ‹
322 3443 355 3490 14
382 3435 533 3523 Τρρρηνδν
551 3437 590 3559 H}
614 3430 765 3505 Τυρσηνόν
796 3436 801 3501 Ι
834 3430 955 3506 ἐκβολάς
973 3435 1011 3504 Η]
1036 3429 1106 3502 ἐμ·-

68 3506 158 3573 βολας
209 3509 243 3557 22
260 3524 298 3566 ως
315 3506 387 3574 Pet]
408 3525 448 3560 ων
517 3510 550 3560 27
586 3519 685 3572 στησιν
704 3505 739 3572 Η]
759 3504 853 3573 ἱστησι
