2422 3862
132 141 196 205 ξ’)ῙΟ
434 141 580 194 IULIANI
597 132 848 194 IMPERATORIS
945 205 948 209 y

132 273 320 346 κάντεῦθεν
338 267 383 344 αῦ
399 275 502 345 πάλιν
520 278 554 358 ἐξ
572 276 804 346 ἕκατοντάὃων
821 274 859 344 τὸ
874 274 957 344 ὅλον
969 281 1042 344 τῶν
1056 274 1153 366 ἀριθ-

133 387 207 471 μῶν
234 385 298 468 την
325 380 473 468 δύναμιν
498 386 731 471 καρποῦσθαι,
767 381 849 469 μήτε
878 386 940 450 τοῦ
970 381 1050 463 ἑνὸς
1078 381 1152 473 ἠρε-

133 492 288 576 μοῦντος,
311 494 343 556 εί
364 488 409 579 μή
431 515 463 556 τι
485 493 544 577 τῆς
566 488 693 568 θυάὃος
715 490 753 557 ἐν
774 493 815 577 τῇ
833 490 919 581 μίξει
937 487 975 557 τὸ
994 491 1153 576 περιττὸν

132 593 185 664 ἀεί
207 596 383 684 τικτούσης
404 623 439 664 τε
461 596 517 664 καὶ
534 601 583 675 είς
601 594 724 683 ἑαυτὴν
742 587 845 675 αὖθις
865 593 1153 685 ἀνακαλουμένης,

133 703 228 792 ἀχρις
260 699 304 772 ἀν
337 703 431 793 ἕτίρηι
462 702 563 771 πόλιν
595 701 790 771 ἕιωιτοντάόι
821 706 890 771 τῶν
921 699 1083 790 ἀριθμῶν
1114 703 1176 773 τὸι

133 811 365 896 συναγόμενον
392 815 604 898 κατακλείση,
635 808 692 876 καὶ
722 806 760 876 τὸ
788 808 903 875 τέλεον
928 805 1021 900 αὐτῷ
1051 830 1152 897 προσ

79 917 283 985 396ἀκτουσα
304 916 406 985 πόλιν
429 918 466 998 ἐξ
486 913 592 985 αὐτοῦ
613 916 697 1004 πρὸς
718 914 756 983 τὸ
780 915 895 1002 ἕτερον
918 914 1058 1004 ἑρπύσῃ,
1081 929 1152 995 ταῖς

92 1044 118 1085 ³9
132 1026 201 1092 τεόν
227 1023 460 1093 ἑιιατοντάθων
486 1026 679 1110 ἐπηγορίαις
704 1017 821 1111 ἀεὶτὸ
850 1019 931 1090 ὅλον
960 1024 1010 1099 είς
1032 1019 1071 1089 τὸ
1093 1025 1152 1108 τῆς

131 1129 345 1217 καταλήψεως
375 1130 515 1219 ἀπειρον
547 1126 772 1215 ἀναφέρουσα.
822 1131 916 1195 δοκεῖ
943 1128 984 1194 δέ
1010 1154 1068 1214 μοι
1096 1128 1151 1195 καὶ

123 1233 267 1324 ’Όμηρος
303 1236 364 1324 οὐχ
395 1235 507 1316 ἁπλῶς
539 1233 620 1304 οὐδὲ
650 1231 761 1322 ἀργῶς
793 1235 830 1300 ἐν
860 1247 931 1312 τοῖς
963 1238 1057 1302 ἔπεσι
1089 1234 1150 1322 τὴν
1161 1267 1182 1305 ο

132 1342 447 1412 ἑκατονταθύσανον
470 1345 584 1428 αίγίθα
602 1346 648 1432 τῷ
664 1341 724 1409 Διὶ
746 1350 952 1429 περιθείναι,
975 1338 1061 1409 ἀλλά
1085 1369 1149 1413 τινι

131 1453 295 1532 κρείττονι
311 1449 368 1516 καὶ
386 1444 564 1538 ἀπορρήτῳ
583 1446 672 1538 λόγῳ
689 1450 789 1515 τοῦτο
806 1451 1149 1535 αλνίττεσθαιλόγων,

131 1549 177 1632 ως
205 1551 343 1645 ἀραιῷ
370 1553 557 1645 τελεωτάτφ
584 1556 654 1644 θεῷ
682 1550 743 1635 τὸν
768 1544 971 1621 τελεώτατον
1000 1544 1150 1642 ἀριθμὸν

33 1738 36 1744 ,
89 1659 300 1748 Βκεριάφειε
327 1660 383 1728 καὶ
409 1651 437 1752 ςό
465 1658 559 1749 μόνῳ
586 1656 676 1747 παρὰ
702 1656 782 1737 τοῦς
809 1657 933 1736 ἀλλους
955 1653 1000 1725 ἀν
1025 1660 1148 1729 ὃικαιό·

130 1791 229 1855 τερον
254 1780 429 1854 κοσμοϊτο,
456 1761 477 1852 ἢ
505 1763 557 1834 ὅτι
583 1762 644 1833 τὸν
668 1762 840 1850 ξύμπαντα
862 1762 1009 1857 κόσμον,
1038 1762 1080 1835 ὃν
1104 1771 1149 1845 είς
1160 1793 1180 1833 ιι

130 1877 262 1959 αἰγίδος
288 1876 397 1960 σχῆμα
424 1874 470 1962 τῷ
500 1874 559 1958 τῆς
585 1870 715 1949 είκόνος
741 1883 915 1958 περιφερεῖ
940 1871 1148 1959 ξυνείληφεν,

117 1974 193 2046 ὀὐκ
222 1978 322 2058 ἀλλος
347 2003 417 2058 πως
442 1973 464 2066 ἢ
491 1974 510 2045 ὁ
538 1979 606 2045 τῶν
630 1974 749 2044 ἑκατὸν
771 1972 916 2062 ἀριθμὸς
938 1978 1148 2066 περιγράφει,

129 2087 169 2173 τῇ
192 2084 274 2165 κατὰ
294 2084 420 2153 κύκλον
439 2081 632 2150 ἑκατοντάόι
650 2081 714 2168 τὴν
732 2083 766 2161 ἐς
782 2079 820 2149 τὸ
841 2078 923 2148 ὅλον
940 2085 1004 2148 τοῦ
1023 2087 1148 2171 νοητοῦ

129 2189 335 2277 κατανόησιν
358 2187 584 2277 ἐφαρμόττον.
623 2184 698 2256 δ’δ’
724 2183 948 2274 αύτὸςλόγος
970 2179 1074 2268 οὗτος
1097 2191 1151 2258 καὶ

129 2295 190 2363 τὸν
222 2294 491 2383 ἑκατοντάχειρα,
527 2293 587 2363 τὸν
615 2294 785 2388 Βριάρεω,
815 2299 945 2376 καθίζει
975 2284 1180 2386 πάρεδρονιο

90 2413 110 2468 C
129 2403 174 2492 τῷ
190 2407 262 2485 Διί,
284 2402 339 2468 καὶ
357 2399 441 2489 πρὸς
457 2398 520 2486 τὴν
537 2403 599 2468 τοῦ
616 2398 742 2489 πατρὸς
759 2397 965 2487 ἁμιλλᾶσθαι
984 2419 1151 2492 συγχωρεῖ

131 2504 292 2594 δύναμιν,
329 2502 404 2575 οἶον
434 2508 471 2574 ἐν
499 2509 545 2597 τῷ
574 2510 636 2575 τοῦ
663 2503 814 2595 ἀριθμοῦ
840 2510 939 2598 τελέφ
967 2507 1005 2575 τὸ
1035 2512 1149 2579 τέλεον

130 2609 219 2706 αύτῷ
251 2617 310 2700 τῆς
337 2603 452 2701 ίσγύος
478 2611 671 2692 ἀποδιδούς.
716 2615 772 2682 καὶ
799 2611 866 2700 μὴν
893 2614 950 2682 καὶ
972 2620 1150 2704 Πίνδαρος

33 2808 35 2811 ι
130 2720 148 2791 ὁ
172 2727 320 2808 Θηβαῖος
344 2719 408 2808 τὴν
430 2718 606 2806 ἀναίρεσιν
633 2718 696 2806 τὴν
722 2723 889 2807 Τυφωέως
912 2722 950 2789 ἐν
974 2723 1149 2802 ἐπινικίοις

129 2828 303 2918 κηρύττων
325 2829 380 2896 καὶ
402 2826 439 2895 τὸ
461 2829 522 2894 τοῦ
540 2831 699 2913 μεγίστου
716 2825 839 2894 τούτου
857 2832 1010 2914 γίγαντες
1029 2831 1179 2920 κράτοςω

198 3028 260 3100 ’λέξ
276 3034 366 3091 ...οῦ
383 3036 408 3085 V
434 3032 440 3099 Ι
466 3027 537 3098 πρὸς
555 3029 592 3098 V]
618 3027 660 3091 είς
730 3035 760 3082 11
781 3023 1022 3086 ἕκατονθύσανον
1039 3037 1065 3087 V
1117 3040 1146 3087 12

32 3116 41 3126 ’
129 3099 315 3155 αἰνίττεσθαι
324 3098 369 3181 λ’]
389 3097 549 3152 αἰνίττεται
594 3103 626 3151 13
643 3092 694 3151 τόν
712 3093 886 3151 τελειότατον
905 3091 1035 3167 ἀριθμόν
1053 3101 1146 3168 Hrch.]

129 3164 162 3220 τὸ
180 3165 279 3221 τέλεον
298 3187 354 3221 των
372 3161 508 3235 ἀριθμῶν
524 3184 552 3230 v,
571 3167 643 3232 quod
659 3164 770 3218 defendi
787 3183 842 3219 uon
860 3183 942 3232 posse
955 3170 1068 3222 videtur
1080 3172 1146 3224 locis

129 3237 215 3288 394Α
234 3244 262 3289 et
280 3237 366 3289 3950
384 3236 492 3288 collatis
551 3237 582 3285 16
599 3236 672 3286 Ante
691 3233 870 3302 ξυνείληφεν
888 3237 913 3286 V
930 3237 992 3286 add.
1011 3237 1062 3290 καὶ
1117 3242 1146 3290 17

129 3314 508 3421 ἀλλοόςςΥΙτῶν,...ὀνῩ
549 3355 580 3404 18
598 3341 884 3420 όλον...νοητοῦλ1
918 3340 950 3404 '21
971 3358 1147 3423 ..yxmqstv

129 3427 162 3472 ⁶23
181 3421 341 3488 Πίνδαρος]
359 3423 467 3487 Fragm.
486 3425 519 3474 69
538 3422 654 3487 Bergk„
694 3423 727 3472 24
745 3415 799 3487 τὴν
817 3416 998 3487 τυφοόωςθ,
1018 3424 1072 3476 τοῦ
1092 3425 1146 3474 Τν-

129 3486 230 3552 φωὲως
246 3509 264 3541 v
334 3493 367 3541 25
386 3486 418 3540 τὸ
437 3486 489 3542 τοῦ
509 3487 544 3554 V]
564 3487 615 3540 τοῦ
