2416 3864
80 152 227 204 IULIANI
244 152 493 205 IMPERATORIS
511 153 628 206 EPIST.
647 154 697 205 AD
715 154 743 205 S.
756 156 787 205 P.
800 156 832 216 Q.
850 156 982 210 ATHEN.
1018 154 1079 218 347

61 281 122 348 καὶ
149 277 210 347 τόν
235 276 441 366 Ἀριστείδην
466 278 528 349 τὸν
547 284 679 349 δίκαιον
707 284 742 348 οί
767 278 846 368 παρ’
875 277 957 368 ύμῖν
984 284 1080 371 ἐθρέ-

63 400 175 466 ψαντο
208 385 315 473 νόμοι.
361 392 469 454 καίτοι
501 414 538 473 γε
565 389 669 455 ταῦτα
698 383 805 466 οὕτως
838 384 920 456 όντα
948 385 1107 475 λαμπρὰ

61 490 223 580 τεκμήρια
260 489 317 559 διὰ
349 488 586 620 λαμπροτέρων
621 491 714 580 οἶμαι
751 495 819 560 τῶν
850 498 959 580 ἔργων
986 490 1133 581 ὅμωςτοο

63 596 304 687 ε’πιστῶσασθε.
340 594 377 665 τό
401 589 528 685 μὲν
490 625 555 687 χαρ
582 599 677 679 δόξαι
704 602 837 667 δίκαιον
865 596 994 679 ίσως”
972 626 1015 667 αν
1033 625 1079 691 τρι

40 705 119 772 ικαὶ
147 694 285 785 ψευδῶς
317 711 480 792 συμβαίη,
517 706 573 774 καὶ
604 702 708 792 τυχὸν
740 701 782 772 ού
813 704 1006 791 παράδοξον
1042 668 1079 773 έν

62 817 199 889 πολλοῖς
235 809 378 896 φαύλοις
413 812 474 879 ἕνα
506 811 665 897 γενέσθαι
706 816 903 880 σπουδαίου.
956 806 977 898 ἢ
1015 810 1080 899 γὰρ

64 912 141 1002 ούχί
169 916 224 985 καὶ
251 913 342 1006 παρὰ
360 916 493 1004 Μήδοις
521 913 677 1004 ύμυεῑταί
700 943 750 997 τις
773 916 922 1004 Δηιόκης
941 913 1080 1006 ’Ἀβαρίς

63 1048 99 1089 τε
126 1024 163 1090 ἐν
187 1016 416 1109 Ῥτερβορέοις
443 1024 499 1091 καί
523 1019 718 1112 Ἀνάχαρσις
745 1024 782 1090 έν
800 1022 966 1109 Σκύθαις,
994 1019 1079 1113 ὑπὲρ

65 1119 113 1196 ῶν
139 1130 240 1196 τούτο
267 1155 311 1215 ην
337 1126 596 1257 δανμριστόν,“
576 1155 627 1198 οτι
654 1126 744 1217 παρὰ
766 1143 836 1209 τοῖς
862 1125 1079 1210 ἀδικωτάτοις

28 1234 238 1323 ιοχεχονότες
264 1239 380 1304 ἔθνεσι
407 1261 469 1323 την
497 1232 643 1322 δίκην”
623 1263 712 1324 ομως
740 1236 914 1322 ἐτίμησαν,
941 1232 987 1303 τῶ
1016 1235 1114 1323 μὲνΒ

63 1335 255 1428 ίληθῶς,“
240 1368 258 1408 ο
287 1339 391 1409 δὲ
350 1368 410 1428 της
437 1348 548 1430 χρείας
574 1342 673 1432 χάριν
699 1341 932 1430 πλαττόμενος.
969 1345 1077 1430 δημον

64 1446 102 1514 δὲ
130 1443 212 1516 ὅλον
229 1448 285 1515 καί
312 1447 411 1515 πόλιν
431 1446 570 1537 ἐραστὰς
597 1454 705 1536 ἔργων
724 1449 780 1517 καί
807 1448 918 1534 λόχων
937 1454 1079 1518 δικαίων

64 1553 125 1634 ἔξω
154 1555 212 1641 τῆς
238 1550 318 1642 παρ’
348 1549 430 1641 ὑμῖν
458 1550 500 1623 οὐ
533 1554 653 1645 ῥηίδιον
680 1551 800 1644 εὑρεῖν.
846 1555 1012 1642 βούλομαι
1041 1554 1077 1623 δὲ

63 1656 150 1748 ὑμῶς
177 1658 253 1742 ἑνὸς
284 1661 353 1730 τῶν
379 1658 458 1749 παρ’
487 1657 571 1749 ύμῖν
602 1665 736 1731 πολλῶν
767 1688 805 1746 χε
833 1658 942 1729 όντων
971 1667 1079 1752 ἔργων

24 1795 50 1835 15
63 1763 264 1855 ὑπομνῆσαι.
324 1770 585 1856 Θεμιστοκλέους
629 1767 694 1859 γὰρ
739 1765 821 1855 μετὰ
859 1765 900 1834 τόι
940 1767 1079 1856 Μηδικὰ

63 1874 204 1962 χνῶμην
231 1880 440 1962 εἰσηγεῖσθαι
468 1878 715 1963 διανοουμένου
739 1873 850 1963 λάθρᾳ
878 1877 1078 1960 καταφλέξαι

63 1979 104 2048 τὰ
131 1980 255 2069 νεῶρια
282 1984 350 2050 τῶν
374 1977 552 2070 Ἑλλήνων,
580 1980 650 2050 εἶτα
668 1979 712 2070 μη
740 1981 929 2067 τολμῶντος
951 1986 999 2062 είς
1016 1979 1113 2049 τόνῦ
1168 1977 1172 1983 ”

64 2089 174 2174 δῆμον
211 2087 338 2173 λέγειν,
372 2088 422 2156 ἑνὶ
460 2087 497 2156 δὲ
534 2084 779 2176 ὁμολογοῦντος
815 2085 1005 2155 πιστεύσειν
1041 2086 1078 2156 τὸ

64 2189 272 2283 ἀπόρρητον,
305 2191 408 2284 όνπερ
441 2190 484 2263 διν
516 2189 534 2263 ὁ
568 2197 674 2283 δῆμος
710 2192 946 2283 χειροτονήσας
981 2194 1079 2283 προέ-

24 2327 50 2366 20
63 2308 175 2387 ληται,
208 2301 415 2427 προυβῶλετο
443 2300 504 2429 μὲν
533 2296 550 2370 ὁ
580 2304 683 2389 δῆμος
715 2299 775 2370 τίν
804 2295 1026 2388 Ἀριστείδην·
1060 2297 1078 2369 ὁ

64 2405 101 2473 δε
130 2402 279 2495 ακούσας
305 2433 363 2493 της
390 2406 525 2495 χνῶμης
553 2413 675 2498 ἔκρυψε
702 2404 822 2506 μὲν
790 2434 827 2475 το
857 2408 980 2496 ῥηθέν,
1008 2407 1081 2496 ἐξήῂ

61 2538 161 2617 νεχιιε
189 2511 226 2579 δὲ
245 2511 342 2593 είς
309 2539 370 2581 τον
398 2509 569 2600 δῆμον,“
546 2541 591 2595 ως
610 2512 686 2584 οὔτε
714 2498 1045 2604 λυσιτελέστερον”
1002 2541 1079 2584 ουτε
1145 2602 1146 2605 ¹

63 2608 271 2706 ἄδικῶτερον
307 2627 358 2707 είη
390 2646 422 2687 τι
458 2623 519 2687 τοῦ
555 2621 800 2709 βουλεύματος·
838 2617 949 2689 καὶ
930 2650 951 2710 η
984 2621 1080 2699 πόλις
1175 2626 1176 2629 ’

64 2721 300 2811 ἀπεψηφίσατο
319 2750 519 2813 παραχρημα
539 2728 594 2794 καὶ
612 2727 836 2816 παρητησατο,
854 2726 944 2794 πάνυ
972 2754 1008 2812 χε
1036 2754 1078 2813 νη

25 2855 51 2895 ιε
66 2837 135 2897 Δία
162 2831 401 2919 μεγαλοψύχως
428 2834 484 2901 καί
512 2829 553 2901 δν
578 2835 678 2921 ἐχρῆν
704 2833 831 2922 τρόπον
859 2830 985 2921 όίνδρας
1011 2827 1078 2900 ύπὸ

65 2935 210 3026 μάρτυρι
236 2939 276 3025 τῇ
305 2937 540 3081 φρονιμωτάτη
567 2941 638 3030 θεῷ
664 2941 901 3028 τρεφομένους.
1098 2946 1122 3001 D

132 3181 186 3238 36
184 3203 243 3251 μως
261 3189 329 3239 Rsk.
347 3193 375 3238 et
391 3186 429 3254 H]
448 3178 538 3248 οὕτως
607 3183 790 3256 λδηόκηςν
853 3183 1080 3256 8Τπερβορέοις

58 3252 144 3336 Cob]
168 3203 328 3339 ύκερβοραί
328 3272 371 3315 οις
388 3257 412 3305 V
436 3257 500 3314 (sed
523 3255 656 3323 ερβοραιο
677 3259 830 3308 recentiore
854 3273 938 3308 manu
960 3257 1078 3322 refictn),

58 3317 272 3388 Τπερβόρείοις
290 3340 307 3374 v
342 3322 346 3390 Ι
377 3315 534 3389 αναχιίρσις
551 3325 576 3375 V
662 3327 693 3376 13
716 3318 813 3388 εύρείν
821 3323 924 3403 (quod
946 3325 1079 3375 Petavius

62 3391 264 3455 interpretatus
283 3390 343 3473 est)
357 3389 435 3458 Cob]
456 3388 553 3444 εἰπεῖν
622 3395 655 3442 14
672 3383 742 3472 ύμῖν
759 3381 828 3458 V]
812 3392 891 3456 υμῶν
962 3394 993 3442 19
1011 3407 1080 3456 προ

62 3454 165 3573 ἔχηται
186 3455 227 3522 Η]
255 3454 428 3580 πχοσίληται
515 3462 548 3511 20
573 3455 752 3524 προυβόλετο
775 3457 853 3526 Cob]
882 3411 1079 3527 προόβιίλλετο

115 3540 147 3591 χε
166 3539 218 3574 om.
237 3541 271 3591 pe

1149 3600 1200 3810 I
