<?xml version="1.0" encoding="UTF-8"?>
<!DOCTYPE html PUBLIC "-//W3C//DTD XHTML 1.0 Transitional//EN"
    "http://www.w3.org/TR/xhtml1/DTD/xhtml1-transitional.dtd">
<html xmlns="http://www.w3.org/1999/xhtml" xml:lang="en" lang="en">
 <head>
  <title>
</title>
<meta http-equiv="Content-Type" content="text/html;charset=utf-8" />
  <meta name='ocr-system' content='tesseract 3.04.00' />
  <meta name='ocr-capabilities' content='ocr_page ocr_carea ocr_par ocr_line ocrx_word'/>
</head>
<body>
  <div class='ocr_page' id='page_1' title='image "./iulianiimperato01juligoog_0132.png"; bbox 0 0 2446 3870; ppageno 0'>
   <div class='ocr_carea' id='block_1_1' title="bbox 482 127 1085 193">
    <p class='ocr_par' dir='ltr' id='par_1_1' title="bbox 482 127 1085 193">
     <span class='ocr_line' id='line_1_1' title="bbox 482 127 1085 193; baseline 0 -11"><span class='ocrx_word' id='word_1_1' title='bbox 482 131 619 183; x_wconf 77' lang='lat' dir='ltr'>ORATIO</span> <span class='ocrx_word' id='word_1_2' title='bbox 637 132 673 184; x_wconf 89' lang='lat'><strong><em>11.</em></strong></span> <span class='ocrx_word' id='word_1_3' title='bbox 1024 127 1085 193; x_wconf 84' lang='lat'><strong><em>119</em></strong></span> 
     </span>
    </p>
   </div>
   <div class='ocr_carea' id='block_1_2' title="bbox 97 248 1126 985">
    <p class='ocr_par' dir='ltr' id='par_1_2' title="bbox 101 248 1126 559">
     <span class='ocr_line' id='line_1_2' title="bbox 126 248 1084 346; baseline 0.002 -21"><span class='ocrx_word' id='word_1_4' title='bbox 126 287 157 325; x_wconf 91' lang='grc' dir='ltr'><strong><em>ιν</em></strong></span> <span class='ocrx_word' id='word_1_5' title='bbox 196 254 287 327; x_wconf 86' lang='grc' dir='ltr'><strong><em>αίτία</em></strong></span> <span class='ocrx_word' id='word_1_6' title='bbox 322 260 384 327; x_wconf 86' lang='grc' dir='ltr'><strong><em>τού</em></strong></span> <span class='ocrx_word' id='word_1_7' title='bbox 419 256 546 346; x_wconf 91' lang='grc' dir='ltr'><strong><em>μήκους</em></strong></span> <span class='ocrx_word' id='word_1_8' title='bbox 581 259 640 346; x_wconf 84' lang='grc' dir='ltr'><strong><em>τής</em></strong></span> <span class='ocrx_word' id='word_1_9' title='bbox 675 256 736 346; x_wconf 68' lang='grc' dir='ltr'><strong><em>μὲν</em></strong></span> <span class='ocrx_word' id='word_1_10' title='bbox 773 254 948 346; x_wconf 82' lang='grc' dir='ltr'><strong><em>εἰρημένης</em></strong></span> <span class='ocrx_word' id='word_1_11' title='bbox 983 248 1084 346; x_wconf 80' lang='grc' dir='ltr'><strong><em>ἧττον</em></strong></span> 
     </span>
     <span class='ocr_line' id='line_1_3' title="bbox 109 361 1126 456; baseline 0.002 -25"><span class='ocrx_word' id='word_1_12' title='bbox 109 371 250 450; x_wconf 81' lang='grc' dir='ltr'><strong><em>ἀγκαία,</em></strong></span> <span class='ocrx_word' id='word_1_13' title='bbox 282 366 523 454; x_wconf 88' lang='grc' dir='ltr'><strong><em>προσεχεστέρα</em></strong></span> <span class='ocrx_word' id='word_1_14' title='bbox 551 363 588 432; x_wconf 74' lang='grc' dir='ltr'><strong><em>δὲ</em></strong></span> <span class='ocrx_word' id='word_1_15' title='bbox 617 361 710 452; x_wconf 86' lang='grc' dir='ltr'><strong><em>οἶμαι</em></strong></span> <span class='ocrx_word' id='word_1_16' title='bbox 736 366 782 456; x_wconf 76' lang='grc' dir='ltr'><strong><em>τῷ</em></strong></span> <span class='ocrx_word' id='word_1_17' title='bbox 810 363 951 452; x_wconf 81' lang='grc' dir='ltr'><strong><em>παρόντι</em></strong></span> <span class='ocrx_word' id='word_1_18' title='bbox 978 364 1126 456; x_wconf 64' lang='grc' dir='ltr'><strong><em>λόγως)</em></strong></span> 
     </span>
     <span class='ocr_line' id='line_1_4' title="bbox 101 465 1057 559; baseline -0.006 -20"><span class='ocrx_word' id='word_1_19' title='bbox 101 468 172 557; x_wconf 85' lang='grc' dir='ltr'><strong><em>χδν</em></strong></span> <span class='ocrx_word' id='word_1_20' title='bbox 199 470 237 540; x_wconf 77' lang='grc' dir='ltr'><strong><em>δέ</em></strong></span> <span class='ocrx_word' id='word_1_21' title='bbox 266 467 347 540; x_wconf 74' lang='grc' dir='ltr'><strong><em>οὐδὲ</em></strong></span> <span class='ocrx_word' id='word_1_22' title='bbox 373 470 494 558; x_wconf 79' lang='grc' dir='ltr'><strong><em>ταύτης</em></strong></span> <span class='ocrx_word' id='word_1_23' title='bbox 522 467 688 558; x_wconf 79' lang='grc' dir='ltr'><strong><em>ἀνηκόους</em></strong></span> <span class='ocrx_word' id='word_1_24' title='bbox 714 465 801 557; x_wconf 84' lang='grc' dir='ltr'><strong><em>ὑμᾶς</em></strong></span> <span class='ocrx_word' id='word_1_25' title='bbox 827 468 915 539; x_wconf 80' lang='grc' dir='ltr'><strong><em>εἶναι</em></strong></span> <span class='ocrx_word' id='word_1_26' title='bbox 941 468 1012 559; x_wconf 89' lang='grc' dir='ltr'><strong><em>χρή.</em></strong></span> <span class='ocrx_word' id='word_1_27' title='bbox 1055 530 1057 533; x_wconf 81' lang='grc'><strong><em>,</em></strong></span> 
     </span>
    </p>

    <p class='ocr_par' dir='ltr' id='par_1_3' title="bbox 97 568 1084 985">
     <span class='ocr_line' id='line_1_5' title="bbox 146 568 1083 667; baseline 0.002 -23"><span class='ocrx_word' id='word_1_28' title='bbox 146 579 293 665; x_wconf 76' lang='grc' dir='ltr'><strong><em>Πρῶτον</em></strong></span> <span class='ocrx_word' id='word_1_29' title='bbox 318 575 380 666; x_wconf 68' lang='grc' dir='ltr'><strong><em>μὲν</em></strong></span> <span class='ocrx_word' id='word_1_30' title='bbox 407 568 472 646; x_wconf 86' lang='grc' dir='ltr'><strong><em>ούν</em></strong></span> <span class='ocrx_word' id='word_1_31' title='bbox 498 572 772 664; x_wconf 79' lang='grc' dir='ltr'><strong><em>ύπομνησθῶμεν</em></strong></span> <span class='ocrx_word' id='word_1_32' title='bbox 804 573 904 667; x_wconf 85' lang='grc' dir='ltr'><strong><em>μικρά</em></strong></span> <span class='ocrx_word' id='word_1_33' title='bbox 931 579 1000 644; x_wconf 75' lang='grc' dir='ltr'><strong><em>τῶν</em></strong></span> <span class='ocrx_word' id='word_1_34' title='bbox 1028 582 1083 665; x_wconf 85' lang='grc' dir='ltr'><strong><em>έμ-</em></strong></span> 
     </span>
     <span class='ocr_line' id='line_1_6' title="bbox 97 678 1084 771; baseline 0 -20"><span class='ocrx_word' id='word_1_35' title='bbox 97 693 233 769; x_wconf 70' lang='grc' dir='ltr'><strong><em>ιοσθεν,</em></strong></span> <span class='ocrx_word' id='word_1_36' title='bbox 259 679 358 752; x_wconf 84' lang='grc' dir='ltr'><strong><em>ὁπότε</em></strong></span> <span class='ocrx_word' id='word_1_37' title='bbox 383 687 442 771; x_wconf 79' lang='grc' dir='ltr'><strong><em>τῆς</em></strong></span> <span class='ocrx_word' id='word_1_38' title='bbox 464 678 548 771; x_wconf 71' lang='grc' dir='ltr'><strong><em>ὑπὲρ</em></strong></span> <span class='ocrx_word' id='word_1_39' title='bbox 567 683 696 752; x_wconf 88' lang='grc' dir='ltr'><strong><em>τούτων</em></strong></span> <span class='ocrx_word' id='word_1_40' title='bbox 723 682 909 771; x_wconf 76' lang='grc' dir='ltr'><strong><em>διηγήσεως</em></strong></span> <span class='ocrx_word' id='word_1_41' title='bbox 935 679 1084 751; x_wconf 87' lang='grc' dir='ltr'><strong><em>ἀπεπαυ-</em></strong></span> 
     </span>
     <span class='ocr_line' id='line_1_7' title="bbox 98 786 1084 878; baseline -0.001 -20"><span class='ocrx_word' id='word_1_42' title='bbox 98 799 187 858; x_wconf 81' lang='grc' dir='ltr'><strong><em>ιεθα.</em></strong></span> <span class='ocrx_word' id='word_1_43' title='bbox 233 791 360 877; x_wconf 81' lang='grc' dir='ltr'><strong><em>ἔφαμέν</em></strong></span> <span class='ocrx_word' id='word_1_44' title='bbox 395 815 463 859; x_wconf 91' lang='grc' dir='ltr'><strong><em>που</em></strong></span> <span class='ocrx_word' id='word_1_45' title='bbox 499 791 619 878; x_wconf 77' lang='grc' dir='ltr'><strong><em>χρῆναι</em></strong></span> <span class='ocrx_word' id='word_1_46' title='bbox 654 786 734 870; x_wconf 84' lang='grc' dir='ltr'><strong><em>τούς</em></strong></span> <span class='ocrx_word' id='word_1_47' title='bbox 771 793 979 869; x_wconf 73' lang='grc' dir='ltr'><strong><em>σπουδαίους</em></strong></span> <span class='ocrx_word' id='word_1_48' title='bbox 1014 792 1084 857; x_wconf 76' lang='grc' dir='ltr'><strong><em>τῶν</em></strong></span> 
     </span>
     <span class='ocr_line' id='line_1_8' title="bbox 98 886 1083 985; baseline 0 -21"><span class='ocrx_word' id='word_1_49' title='bbox 98 898 244 983; x_wconf 80' lang='grc' dir='ltr'><strong><em>ληθινῶν</em></strong></span> <span class='ocrx_word' id='word_1_50' title='bbox 271 897 417 964; x_wconf 89' lang='grc' dir='ltr'><strong><em>έπαίνων</em></strong></span> <span class='ocrx_word' id='word_1_51' title='bbox 435 892 600 985; x_wconf 79' lang='grc' dir='ltr'><strong><em>ἀκροατὰς</em></strong></span> <span class='ocrx_word' id='word_1_52' title='bbox 627 891 689 963; x_wconf 92' lang='grc' dir='ltr'><strong><em>ούκ</em></strong></span> <span class='ocrx_word' id='word_1_53' title='bbox 708 900 755 976; x_wconf 91' lang='grc' dir='ltr'><strong><em>είς</em></strong></span> <span class='ocrx_word' id='word_1_54' title='bbox 782 898 886 963; x_wconf 82' lang='grc' dir='ltr'><strong><em>ταῦτα</em></strong></span> <span class='ocrx_word' id='word_1_55' title='bbox 914 890 1009 983; x_wconf 83' lang='grc' dir='ltr'><em>ὁρᾶν,</em></span> <span class='ocrx_word' id='word_1_56' title='bbox 1034 886 1083 964; x_wconf 77' lang='grc' dir='ltr'><strong><em>τόν</em></strong></span> 
     </span>
    </p>
   </div>
   <div class='ocr_carea' id='block_1_3' title="bbox 22 999 1134 3214">
    <p class='ocr_par' dir='ltr' id='par_1_4' title="bbox 22 999 1134 3214">
     <span class='ocr_line' id='line_1_9' title="bbox 119 999 1083 1090; baseline 0.001 -21"><span class='ocrx_word' id='word_1_57' title='bbox 119 1002 205 1089; x_wconf 88' lang='grc' dir='ltr'><strong><em>τύχη</em></strong></span> <span class='ocrx_word' id='word_1_58' title='bbox 242 1003 298 1069; x_wconf 83' lang='grc' dir='ltr'><strong><em>καλ</em></strong></span> <span class='ocrx_word' id='word_1_59' title='bbox 329 1017 399 1084; x_wconf 83' lang='grc' dir='ltr'><strong><em>τοῖς</em></strong></span> <span class='ocrx_word' id='word_1_60' title='bbox 435 1011 620 1090; x_wconf 73' lang='grc' dir='ltr'><strong><em>μοχθηροῖς</em></strong></span> <span class='ocrx_word' id='word_1_61' title='bbox 655 999 812 1081; x_wconf 77' lang='grc' dir='ltr'><strong><em>πολλάκις</em></strong></span> <span class='ocrx_word' id='word_1_62' title='bbox 848 1006 1083 1088; x_wconf 83' lang='grc' dir='ltr'><strong><em>μεταδίδωσιν,</em></strong></span> 
     </span>
     <span class='ocr_line' id='line_1_10' title="bbox 64 1096 1083 1196; baseline -0.002 -19"><span class='ocrx_word' id='word_1_63' title='bbox 64 1114 115 1189; x_wconf 84' lang='grc' dir='ltr'><strong><em>είς</em></strong></span> <span class='ocrx_word' id='word_1_64' title='bbox 143 1105 182 1175; x_wconf 75' lang='grc' dir='ltr'><strong><em>δέ</em></strong></span> <span class='ocrx_word' id='word_1_65' title='bbox 208 1104 268 1188; x_wconf 82' lang='grc' dir='ltr'><strong><em>τὰς</em></strong></span> <span class='ocrx_word' id='word_1_66' title='bbox 299 1109 381 1189; x_wconf 77' lang='grc' dir='ltr'><strong><em>ἕξεις</em></strong></span> <span class='ocrx_word' id='word_1_67' title='bbox 406 1108 464 1177; x_wconf 84' lang='grc' dir='ltr'><strong><em>καὶ</em></strong></span> <span class='ocrx_word' id='word_1_68' title='bbox 490 1105 553 1196; x_wconf 82' lang='grc' dir='ltr'><strong><em>τήν</em></strong></span> <span class='ocrx_word' id='word_1_69' title='bbox 585 1104 717 1196; x_wconf 84' lang='grc' dir='ltr'><strong><em>ἀρετήν,</em></strong></span> <span class='ocrx_word' id='word_1_70' title='bbox 744 1096 784 1194; x_wconf 86' lang='grc' dir='ltr'><strong><em>ής</em></strong></span> <span class='ocrx_word' id='word_1_71' title='bbox 811 1106 928 1194; x_wconf 91' lang='grc' dir='ltr'><strong><em>μόνοις</em></strong></span> <span class='ocrx_word' id='word_1_72' title='bbox 954 1108 1083 1195; x_wconf 81' lang='grc' dir='ltr'><strong><em>μέτεστι</em></strong></span> 
     </span>
     <span class='ocr_line' id='line_1_11' title="bbox 22 1210 1082 1304; baseline 0.004 -26"><span class='ocrx_word' id='word_1_73' title='bbox 22 1238 50 1278; x_wconf 84' lang='grc' dir='ltr'><strong><em>ιο</em></strong></span> <span class='ocrx_word' id='word_1_74' title='bbox 63 1229 138 1295; x_wconf 88' lang='grc' dir='ltr'><strong><em>τοῖς</em></strong></span> <span class='ocrx_word' id='word_1_75' title='bbox 175 1210 319 1299; x_wconf 75' lang='grc' dir='ltr'><strong><em>ἀγαθοῖς</em></strong></span> <span class='ocrx_word' id='word_1_76' title='bbox 355 1211 498 1304; x_wconf 79' lang='grc' dir='ltr'><em>ἀνδράσι</em></span> <span class='ocrx_word' id='word_1_77' title='bbox 534 1216 589 1282; x_wconf 81' lang='grc' dir='ltr'><strong><em>καὶ</em></strong></span> <span class='ocrx_word' id='word_1_78' title='bbox 622 1213 722 1301; x_wconf 88' lang='grc' dir='ltr'><strong><em>φύσει</em></strong></span> <span class='ocrx_word' id='word_1_79' title='bbox 760 1217 966 1294; x_wconf 77' lang='grc' dir='ltr'><strong><em>σπουδαίοις.</em></strong></span> <span class='ocrx_word' id='word_1_80' title='bbox 1011 1212 1082 1282; x_wconf 81' lang='grc' dir='ltr'><strong><em>εἶτα</em></strong></span> 
     </span>
     <span class='ocr_line' id='line_1_12' title="bbox 64 1316 1134 1409; baseline 0.004 -20"><span class='ocrx_word' id='word_1_81' title='bbox 64 1323 229 1389; x_wconf 80' lang='grc' dir='ltr'><strong><em>ἐντεῦθεν</em></strong></span> <span class='ocrx_word' id='word_1_82' title='bbox 261 1319 392 1401; x_wconf 83' lang='grc' dir='ltr'><strong><em>ἑλόντες</em></strong></span> <span class='ocrx_word' id='word_1_83' title='bbox 423 1318 486 1409; x_wconf 83' lang='grc' dir='ltr'><strong><em>τήν</em></strong></span> <span class='ocrx_word' id='word_1_84' title='bbox 513 1316 620 1409; x_wconf 83' lang='grc' dir='ltr'><strong><em>ἀρχὴν</em></strong></span> <span class='ocrx_word' id='word_1_85' title='bbox 652 1317 731 1400; x_wconf 82' lang='grc' dir='ltr'><strong><em>τοὺς</em></strong></span> <span class='ocrx_word' id='word_1_86' title='bbox 759 1320 832 1408; x_wconf 82' lang='grc' dir='ltr'><strong><em>ἑξής</em></strong></span> <span class='ocrx_word' id='word_1_87' title='bbox 863 1323 1081 1409; x_wconf 77' lang='grc' dir='ltr'><strong><em>ἐπεραίνομεν</em></strong></span> <span class='ocrx_word' id='word_1_88' title='bbox 1100 1348 1134 1396; x_wconf 76' lang='grc'><strong><em>93</em></strong></span> 
     </span>
     <span class='ocr_line' id='line_1_13' title="bbox 63 1423 1082 1515; baseline 0 -19"><span class='ocrx_word' id='word_1_89' title='bbox 63 1426 206 1513; x_wconf 78' lang='grc' dir='ltr'><strong><em>λόγους,</em></strong></span> <span class='ocrx_word' id='word_1_90' title='bbox 238 1423 348 1515; x_wconf 77' lang='grc' dir='ltr'><strong><em>ὥσπερ</em></strong></span> <span class='ocrx_word' id='word_1_91' title='bbox 380 1425 509 1496; x_wconf 88' lang='grc' dir='ltr'><strong><em>κανόνα</em></strong></span> <span class='ocrx_word' id='word_1_92' title='bbox 544 1423 620 1495; x_wconf 81' lang='grc' dir='ltr'><strong><em>τινὰ</em></strong></span> <span class='ocrx_word' id='word_1_93' title='bbox 656 1427 712 1494; x_wconf 82' lang='grc' dir='ltr'><strong><em>καὶ</em></strong></span> <span class='ocrx_word' id='word_1_94' title='bbox 745 1427 901 1514; x_wconf 87' lang='grc' dir='ltr'><strong><em>στάθμην</em></strong></span> <span class='ocrx_word' id='word_1_95' title='bbox 932 1423 1082 1496; x_wconf 88' lang='grc' dir='ltr'><strong><em>ἀπευθύ-</em></strong></span> 
     </span>
     <span class='ocr_line' id='line_1_14' title="bbox 64 1523 1082 1621; baseline -0.002 -19"><span class='ocrx_word' id='word_1_96' title='bbox 64 1557 198 1618; x_wconf 86' lang='grc' dir='ltr'><strong><em>νοντες,</em></strong></span> <span class='ocrx_word' id='word_1_97' title='bbox 230 1523 253 1621; x_wconf 82' lang='grc' dir='ltr'><strong><em>ή</em></strong></span> <span class='ocrx_word' id='word_1_98' title='bbox 278 1529 360 1614; x_wconf 84' lang='grc' dir='ltr'><strong><em>τούς</em></strong></span> <span class='ocrx_word' id='word_1_99' title='bbox 386 1536 454 1601; x_wconf 76' lang='grc' dir='ltr'><strong><em>τῶν</em></strong></span> <span class='ocrx_word' id='word_1_100' title='bbox 486 1528 628 1618; x_wconf 77' lang='grc' dir='ltr'><strong><em>ἀγαθῶν</em></strong></span> <span class='ocrx_word' id='word_1_101' title='bbox 660 1529 797 1621; x_wconf 75' lang='grc' dir='ltr'><strong><em>ἀνδρῶν</em></strong></span> <span class='ocrx_word' id='word_1_102' title='bbox 828 1534 884 1601; x_wconf 80' lang='grc' dir='ltr'><strong><em>καὶ</em></strong></span> <span class='ocrx_word' id='word_1_103' title='bbox 916 1534 1082 1619; x_wconf 86' lang='grc' dir='ltr'><strong><em>βασιλέων</em></strong></span> 
     </span>
     <span class='ocr_line' id='line_1_15' title="bbox 65 1635 1083 1729; baseline 0.001 -22"><span class='ocrx_word' id='word_1_104' title='bbox 65 1642 228 1720; x_wconf 79' lang='grc' dir='ltr'><strong><em>ἐπαίνους</em></strong></span> <span class='ocrx_word' id='word_1_105' title='bbox 263 1638 478 1728; x_wconf 83' lang='grc' dir='ltr'><strong><em>ἐναρμόττειν</em></strong></span> <span class='ocrx_word' id='word_1_106' title='bbox 514 1641 624 1728; x_wconf 84' lang='grc' dir='ltr'><strong><em>έχρήν.</em></strong></span> <span class='ocrx_word' id='word_1_107' title='bbox 673 1640 728 1707; x_wconf 83' lang='grc' dir='ltr'><strong><em>καὶ</em></strong></span> <span class='ocrx_word' id='word_1_108' title='bbox 761 1635 827 1729; x_wconf 76' lang='grc' dir='ltr'><strong><em>ὅτῳ</em></strong></span> <span class='ocrx_word' id='word_1_109' title='bbox 860 1638 921 1726; x_wconf 69' lang='grc' dir='ltr'><strong><em>μὲν</em></strong></span> <span class='ocrx_word' id='word_1_110' title='bbox 953 1636 1083 1728; x_wconf 88' lang='grc' dir='ltr'><strong><em>ἀληθής</em></strong></span> 
     </span>
     <span class='ocr_line' id='line_1_16' title="bbox 25 1741 1080 1834; baseline 0.006 -27"><span class='ocrx_word' id='word_1_111' title='bbox 25 1745 125 1814; x_wconf 65' lang='grc' dir='ltr'><strong><em>τεκαὶ</em></strong></span> <span class='ocrx_word' id='word_1_112' title='bbox 161 1741 412 1833; x_wconf 84' lang='grc' dir='ltr'><strong><em>ἀπαράλλακτος</em></strong></span> <span class='ocrx_word' id='word_1_113' title='bbox 448 1741 593 1834; x_wconf 89' lang='grc' dir='ltr'><strong><em>ἀρμουία</em></strong></span> <span class='ocrx_word' id='word_1_114' title='bbox 633 1742 717 1834; x_wconf 88' lang='grc' dir='ltr'><strong><em>πρὸς</em></strong></span> <span class='ocrx_word' id='word_1_115' title='bbox 752 1747 852 1814; x_wconf 84' lang='grc' dir='ltr'><strong><em>τοῦτο</em></strong></span> <span class='ocrx_word' id='word_1_116' title='bbox 888 1747 1007 1831; x_wconf 89' lang='grc' dir='ltr'><strong><em>γέγονε</em></strong></span> <span class='ocrx_word' id='word_1_117' title='bbox 1043 1743 1080 1813; x_wconf 88' lang='grc' dir='ltr'><strong><em>τὸ</em></strong></span> 
     </span>
     <span class='ocr_line' id='line_1_17' title="bbox 65 1847 1082 1940; baseline -0.001 -20"><span class='ocrx_word' id='word_1_118' title='bbox 65 1849 270 1940; x_wconf 85' lang='grc' dir='ltr'><strong><em>ἀρχέτυπον,</em></strong></span> <span class='ocrx_word' id='word_1_119' title='bbox 307 1849 420 1938; x_wconf 82' lang='grc' dir='ltr'><strong><em>ὄλβιος</em></strong></span> <span class='ocrx_word' id='word_1_120' title='bbox 451 1850 513 1939; x_wconf 74' lang='grc' dir='ltr'><strong><em>μέν</em></strong></span> <span class='ocrx_word' id='word_1_121' title='bbox 545 1848 646 1931; x_wconf 86' lang='grc' dir='ltr'><strong><em>αύτὸς</em></strong></span> <span class='ocrx_word' id='word_1_122' title='bbox 677 1853 732 1919; x_wconf 84' lang='grc' dir='ltr'><strong><em>καὶ</em></strong></span> <span class='ocrx_word' id='word_1_123' title='bbox 764 1847 870 1930; x_wconf 84' lang='grc' dir='ltr'><strong><em>ὅντως</em></strong></span> <span class='ocrx_word' id='word_1_124' title='bbox 901 1848 1082 1938; x_wconf 87' lang='grc' dir='ltr'><strong><em>εύδαίμων,</em></strong></span> 
     </span>
     <span class='ocr_line' id='line_1_18' title="bbox 66 1954 1081 2046; baseline -0.004 -20"><span class='ocrx_word' id='word_1_125' title='bbox 66 1954 217 2046; x_wconf 78' lang='grc' dir='ltr'><strong><em>εὐτυχεῖς</em></strong></span> <span class='ocrx_word' id='word_1_126' title='bbox 253 1957 291 2026; x_wconf 74' lang='grc' dir='ltr'><strong><em>δὲ</em></strong></span> <span class='ocrx_word' id='word_1_127' title='bbox 327 1961 363 2026; x_wconf 90' lang='grc' dir='ltr'><strong><em>οί</em></strong></span> <span class='ocrx_word' id='word_1_128' title='bbox 401 1956 640 2046; x_wconf 78' lang='grc' dir='ltr'><strong><em>μεταλαβόντες</em></strong></span> <span class='ocrx_word' id='word_1_129' title='bbox 675 1960 733 2044; x_wconf 87' lang='grc' dir='ltr'><strong><em>τής</em></strong></span> <span class='ocrx_word' id='word_1_130' title='bbox 769 1955 925 2043; x_wconf 85' lang='grc' dir='ltr'><strong><em>τοιαύτης</em></strong></span> <span class='ocrx_word' id='word_1_131' title='bbox 962 1954 1081 2044; x_wconf 77' lang='grc' dir='ltr'><strong><em>ἀρχῆς·</em></strong></span> 
     </span>
     <span class='ocr_line' id='line_1_19' title="bbox 66 2057 1083 2152; baseline -0.005 -18"><span class='ocrx_word' id='word_1_132' title='bbox 66 2062 158 2145; x_wconf 80' lang='grc' dir='ltr'><strong><em>ὅστις</em></strong></span> <span class='ocrx_word' id='word_1_133' title='bbox 190 2062 236 2132; x_wconf 67' lang='grc' dir='ltr'><strong><em>δὲ</em></strong></span> <span class='ocrx_word' id='word_1_134' title='bbox 255 2061 355 2150; x_wconf 83' lang='grc' dir='ltr'><strong><em>ἐγγύς</em></strong></span> <span class='ocrx_word' id='word_1_135' title='bbox 387 2061 539 2152; x_wconf 85' lang='grc' dir='ltr'><strong><em>ἀφίκετο,</em></strong></span> <span class='ocrx_word' id='word_1_136' title='bbox 571 2066 640 2133; x_wconf 78' lang='grc' dir='ltr'><strong><em>τόν</em></strong></span> <span class='ocrx_word' id='word_1_137' title='bbox 671 2064 773 2131; x_wconf 80' lang='grc' dir='ltr'><strong><em>πλέον</em></strong></span> <span class='ocrx_word' id='word_1_138' title='bbox 805 2057 1083 2148; x_wconf 75' lang='grc' dir='ltr'><strong><em>ἀπολειφθέντων</em></strong></span> 
     </span>
     <span class='ocr_line' id='line_1_20' title="bbox 65 2165 1119 2259; baseline -0.003 -20"><span class='ocrx_word' id='word_1_139' title='bbox 65 2167 215 2259; x_wconf 83' lang='grc' dir='ltr'><strong><em>ἀμείνων</em></strong></span> <span class='ocrx_word' id='word_1_140' title='bbox 242 2171 298 2238; x_wconf 81' lang='grc' dir='ltr'><strong><em>καὶ</em></strong></span> <span class='ocrx_word' id='word_1_141' title='bbox 325 2166 571 2259; x_wconf 81' lang='grc' dir='ltr'><strong><em>εὐτυχέστερος·</em></strong></span> <span class='ocrx_word' id='word_1_142' title='bbox 599 2173 635 2238; x_wconf 81' lang='lat' dir='ltr'><strong><em>oc</em></strong></span> <span class='ocrx_word' id='word_1_143' title='bbox 655 2168 692 2237; x_wconf 74' lang='grc' dir='ltr'><strong><em>δέ</em></strong></span> <span class='ocrx_word' id='word_1_144' title='bbox 720 2165 980 2255; x_wconf 82' lang='grc' dir='ltr'><strong><em>ἀπολειφθέντες</em></strong></span> <span class='ocrx_word' id='word_1_145' title='bbox 997 2189 1119 2242; x_wconf 84' lang='grc' dir='ltr'><strong><em>παν-Β</em></strong></span> 
     </span>
     <span class='ocr_line' id='line_1_21' title="bbox 28 2271 1082 2365; baseline -0.002 -20"><span class='ocrx_word' id='word_1_146' title='bbox 28 2299 53 2338; x_wconf 75' lang='lat'><strong><em>²0</em></strong></span> <span class='ocrx_word' id='word_1_147' title='bbox 66 2280 169 2357; x_wconf 81' lang='grc' dir='ltr'><strong><em>τελως</em></strong></span> <span class='ocrx_word' id='word_1_148' title='bbox 196 2271 217 2363; x_wconf 80' lang='grc' dir='ltr'><em>ἢ</em></span> <span class='ocrx_word' id='word_1_149' title='bbox 245 2277 302 2345; x_wconf 80' lang='grc' dir='ltr'><strong><em>καὶ</em></strong></span> <span class='ocrx_word' id='word_1_150' title='bbox 328 2273 392 2365; x_wconf 87' lang='grc' dir='ltr'><strong><em>τήν</em></strong></span> <span class='ocrx_word' id='word_1_151' title='bbox 419 2279 575 2344; x_wconf 77' lang='grc' dir='ltr'><strong><em>ἐναντίαν</em></strong></span> <span class='ocrx_word' id='word_1_152' title='bbox 593 2274 796 2365; x_wconf 87' lang='grc' dir='ltr'><strong><em>τραπόμενοι</em></strong></span> <span class='ocrx_word' id='word_1_153' title='bbox 825 2279 999 2364; x_wconf 84' lang='grc' dir='ltr'><strong><em>δυστυχεῖς</em></strong></span> <span class='ocrx_word' id='word_1_154' title='bbox 1026 2276 1082 2344; x_wconf 85' lang='grc' dir='ltr'><strong><em>καὶ</em></strong></span> 
     </span>
     <span class='ocr_line' id='line_1_22' title="bbox 67 2378 1082 2471; baseline -0.002 -19"><span class='ocrx_word' id='word_1_155' title='bbox 67 2379 209 2470; x_wconf 86' lang='grc' dir='ltr'><strong><em>ἀνόητοι</em></strong></span> <span class='ocrx_word' id='word_1_156' title='bbox 235 2383 291 2451; x_wconf 80' lang='grc' dir='ltr'><strong><em>καὶ</em></strong></span> <span class='ocrx_word' id='word_1_157' title='bbox 318 2389 496 2471; x_wconf 83' lang='grc' dir='ltr'><strong><em>μοχθηροί,</em></strong></span> <span class='ocrx_word' id='word_1_158' title='bbox 525 2378 639 2462; x_wconf 80' lang='grc' dir='ltr'><strong><em>αὑτοῖς</em></strong></span> <span class='ocrx_word' id='word_1_159' title='bbox 665 2408 700 2450; x_wconf 89' lang='grc' dir='ltr'><strong><em>τε</em></strong></span> <span class='ocrx_word' id='word_1_160' title='bbox 718 2383 773 2450; x_wconf 83' lang='grc' dir='ltr'><strong><em>καὶ</em></strong></span> <span class='ocrx_word' id='word_1_161' title='bbox 802 2378 914 2464; x_wconf 89' lang='grc' dir='ltr'><strong><em>ἀλλοις</em></strong></span> <span class='ocrx_word' id='word_1_162' title='bbox 939 2385 1009 2450; x_wconf 76' lang='grc' dir='ltr'><strong><em>τῶν</em></strong></span> <span class='ocrx_word' id='word_1_163' title='bbox 1027 2409 1082 2470; x_wconf 88' lang='grc' dir='ltr'><strong><em>με-</em></strong></span> 
     </span>
     <span class='ocr_line' id='line_1_23' title="bbox 66 2479 1082 2578; baseline 0 -22"><span class='ocrx_word' id='word_1_164' title='bbox 66 2495 194 2576; x_wconf 86' lang='grc' dir='ltr'><strong><em>γίστων</em></strong></span> <span class='ocrx_word' id='word_1_165' title='bbox 222 2496 323 2557; x_wconf 89' lang='grc' dir='ltr'><strong><em>αίτιοι</em></strong></span> <span class='ocrx_word' id='word_1_166' title='bbox 345 2491 541 2578; x_wconf 75' lang='grc' dir='ltr'><strong><em>συμφορῶν.</em></strong></span> <span class='ocrx_word' id='word_1_167' title='bbox 582 2494 614 2557; x_wconf 89' lang='grc' dir='ltr'><strong><em>εί</em></strong></span> <span class='ocrx_word' id='word_1_168' title='bbox 636 2486 677 2575; x_wconf 82' lang='grc' dir='ltr'><strong><em>δή</em></strong></span> <span class='ocrx_word' id='word_1_169' title='bbox 701 2479 765 2557; x_wconf 82' lang='grc' dir='ltr'><strong><em>οὖν</em></strong></span> <span class='ocrx_word' id='word_1_170' title='bbox 787 2489 843 2557; x_wconf 85' lang='grc' dir='ltr'><strong><em>καὶ</em></strong></span> <span class='ocrx_word' id='word_1_171' title='bbox 871 2484 952 2576; x_wconf 84' lang='grc' dir='ltr'><strong><em>ύμῖν</em></strong></span> <span class='ocrx_word' id='word_1_172' title='bbox 979 2487 1082 2576; x_wconf 76' lang='grc' dir='ltr'><strong><em>ταύτῃ</em></strong></span> 
     </span>
     <span class='ocr_line' id='line_1_24' title="bbox 67 2591 1080 2684; baseline -0.001 -20"><span class='ocrx_word' id='word_1_173' title='bbox 67 2620 112 2683; x_wconf 85' lang='grc' dir='ltr'><strong><em>πη</em></strong></span> <span class='ocrx_word' id='word_1_174' title='bbox 142 2596 309 2682; x_wconf 84' lang='grc' dir='ltr'><strong><em>ξυνδοκεῖ,</em></strong></span> <span class='ocrx_word' id='word_1_175' title='bbox 337 2592 408 2684; x_wconf 76' lang='grc' dir='ltr'><strong><em>ὥρα</em></strong></span> <span class='ocrx_word' id='word_1_176' title='bbox 436 2595 597 2676; x_wconf 78' lang='grc' dir='ltr'><strong><em>ἐπεξιέναι</em></strong></span> <span class='ocrx_word' id='word_1_177' title='bbox 619 2609 690 2674; x_wconf 90' lang='grc' dir='ltr'><strong><em>τοῖς</em></strong></span> <span class='ocrx_word' id='word_1_178' title='bbox 717 2600 837 2683; x_wconf 77' lang='grc' dir='ltr'><strong><em>ἔργοις,</em></strong></span> <span class='ocrx_word' id='word_1_179' title='bbox 866 2591 887 2663; x_wconf 85' lang='grc' dir='ltr'><strong><em>ἀ</em></strong></span> <span class='ocrx_word' id='word_1_180' title='bbox 915 2594 1080 2682; x_wconf 80' lang='grc' dir='ltr'><strong><em>τεθαυμά-</em></strong></span> 
     </span>
     <span class='ocr_line' id='line_1_25' title="bbox 66 2696 1080 2789; baseline -0.001 -19"><span class='ocrx_word' id='word_1_181' title='bbox 66 2728 181 2789; x_wconf 91' lang='grc' dir='ltr'><strong><em>καμεν.</em></strong></span> <span class='ocrx_word' id='word_1_182' title='bbox 227 2702 283 2769; x_wconf 78' lang='grc' dir='ltr'><strong><em>καὶ</em></strong></span> <span class='ocrx_word' id='word_1_183' title='bbox 316 2699 406 2782; x_wconf 84' lang='grc' dir='ltr'><strong><em>ὅπως</em></strong></span> <span class='ocrx_word' id='word_1_184' title='bbox 437 2701 482 2789; x_wconf 92' lang='grc' dir='ltr'><strong><em>μή</em></strong></span> <span class='ocrx_word' id='word_1_185' title='bbox 515 2728 565 2781; x_wconf 89' lang='grc' dir='ltr'><strong><em>τις</em></strong></span> <span class='ocrx_word' id='word_1_186' title='bbox 591 2696 745 2789; x_wconf 80' lang='grc' dir='ltr'><strong><em>ύπολάβη</em></strong></span> <span class='ocrx_word' id='word_1_187' title='bbox 776 2699 838 2770; x_wconf 89' lang='grc' dir='ltr'><strong><em>τὸν</em></strong></span> <span class='ocrx_word' id='word_1_188' title='bbox 866 2700 968 2786; x_wconf 88' lang='grc' dir='ltr'><strong><em>λόγον</em></strong></span> <span class='ocrx_word' id='word_1_189' title='bbox 1000 2697 1080 2770; x_wconf 85' lang='grc' dir='ltr'><strong><em>καθ’</em></strong></span> 
     </span>
     <span class='ocr_line' id='line_1_26' title="bbox 32 2803 1083 2896; baseline -0.001 -21"><span class='ocrx_word' id='word_1_190' title='bbox 32 2827 55 2869; x_wconf 73' lang='lat'><strong><em>2⁵</em></strong></span> <span class='ocrx_word' id='word_1_191' title='bbox 68 2803 174 2876; x_wconf 82' lang='grc' dir='ltr'><strong><em>αὑτὸν</em></strong></span> <span class='ocrx_word' id='word_1_192' title='bbox 208 2805 321 2893; x_wconf 87' lang='grc' dir='ltr'><strong><em>ίόντα,</em></strong></span> <span class='ocrx_word' id='word_1_193' title='bbox 357 2806 509 2896; x_wconf 82' lang='grc' dir='ltr'><strong><em>καθάπερ</em></strong></span> <span class='ocrx_word' id='word_1_194' title='bbox 546 2811 650 2876; x_wconf 83' lang='grc' dir='ltr'><strong><em>ἵππον</em></strong></span> <span class='ocrx_word' id='word_1_195' title='bbox 686 2803 938 2894; x_wconf 86' lang='grc' dir='ltr'><strong><em>ἀνταγωνιστού</em></strong></span> <span class='ocrx_word' id='word_1_196' title='bbox 970 2806 1083 2895; x_wconf 88' lang='grc' dir='ltr'><strong><em>στερό-</em></strong></span> 
     </span>
     <span class='ocr_line' id='line_1_27' title="bbox 68 2909 1082 3002; baseline -0.004 -19"><span class='ocrx_word' id='word_1_197' title='bbox 68 2940 172 3001; x_wconf 89' lang='grc' dir='ltr'><strong><em>μενον</em></strong></span> <span class='ocrx_word' id='word_1_198' title='bbox 204 2916 241 2982; x_wconf 93' lang='grc' dir='ltr'><strong><em>έν</em></strong></span> <span class='ocrx_word' id='word_1_199' title='bbox 278 2928 348 2994; x_wconf 91' lang='grc' dir='ltr'><strong><em>τοῖς</em></strong></span> <span class='ocrx_word' id='word_1_200' title='bbox 385 2912 536 3002; x_wconf 88' lang='grc' dir='ltr'><strong><em>δρόμοις,</em></strong></span> <span class='ocrx_word' id='word_1_201' title='bbox 569 2927 703 3002; x_wconf 89' lang='grc' dir='ltr'><strong><em>κρατεῖν</em></strong></span> <span class='ocrx_word' id='word_1_202' title='bbox 738 2915 795 2982; x_wconf 80' lang='grc' dir='ltr'><strong><em>καὶ</em></strong></span> <span class='ocrx_word' id='word_1_203' title='bbox 832 2909 1015 3001; x_wconf 82' lang='grc' dir='ltr'><strong><em>ἀποφέρειν</em></strong></span> <span class='ocrx_word' id='word_1_204' title='bbox 1042 2910 1082 2979; x_wconf 86' lang='grc' dir='ltr'><strong><em>τά</em></strong></span> 
     </span>
     <span class='ocr_line' id='line_1_28' title="bbox 68 3013 1084 3109; baseline -0.002 -22"><span class='ocrx_word' id='word_1_205' title='bbox 68 3019 258 3108; x_wconf 89' lang='grc' dir='ltr'><strong><em>νικητήρια,</em></strong></span> <span class='ocrx_word' id='word_1_206' title='bbox 285 3019 498 3109; x_wconf 82' lang='grc' dir='ltr'><strong><em>πειράσομαι,</em></strong></span> <span class='ocrx_word' id='word_1_207' title='bbox 525 3022 572 3109; x_wconf 79' lang='grc' dir='ltr'><strong><em>πή</em></strong></span> <span class='ocrx_word' id='word_1_208' title='bbox 597 3044 677 3088; x_wconf 92' lang='grc' dir='ltr'><strong><em>ποτε</em></strong></span> <span class='ocrx_word' id='word_1_209' title='bbox 705 3020 904 3108; x_wconf 88' lang='grc' dir='ltr'><strong><em>διαφέρετον</em></strong></span> <span class='ocrx_word' id='word_1_210' title='bbox 931 3013 1084 3105; x_wconf 87' lang='grc' dir='ltr'><strong><em>ἀλλήλων</em></strong></span> 
     </span>
     <span class='ocr_line' id='line_1_29' title="bbox 69 3121 1083 3214; baseline -0.002 -20"><span class='ocrx_word' id='word_1_211' title='bbox 69 3122 88 3194; x_wconf 81' lang='grc' dir='ltr'>ὅ</span> <span class='ocrx_word' id='word_1_212' title='bbox 115 3153 151 3194; x_wconf 97' lang='grc' dir='ltr'><strong><em>τε</em></strong></span> <span class='ocrx_word' id='word_1_213' title='bbox 177 3121 337 3214; x_wconf 81' lang='grc' dir='ltr'><strong><em>ἡμέτερος</em></strong></span> <span class='ocrx_word' id='word_1_214' title='bbox 368 3127 423 3194; x_wconf 82' lang='grc' dir='ltr'><strong><em>καὶ</em></strong></span> <span class='ocrx_word' id='word_1_215' title='bbox 452 3121 469 3194; x_wconf 86' lang='grc' dir='ltr'>ὁ</span> <span class='ocrx_word' id='word_1_216' title='bbox 501 3128 570 3195; x_wconf 79' lang='grc' dir='ltr'><strong><em>τῶν</em></strong></span> <span class='ocrx_word' id='word_1_217' title='bbox 602 3128 721 3212; x_wconf 76' lang='grc' dir='ltr'><strong><em>σοφῶν</em></strong></span> <span class='ocrx_word' id='word_1_218' title='bbox 753 3124 905 3213; x_wconf 78' lang='grc' dir='ltr'><strong><em>ρητόρων</em></strong></span> <span class='ocrx_word' id='word_1_219' title='bbox 937 3128 1083 3209; x_wconf 79' lang='grc' dir='ltr'><strong><em>ἔπαινος,</em></strong></span> 
     </span>
    </p>
   </div>
   <div class='ocr_carea' id='block_1_4' title="bbox 68 3358 1084 3568">
    <p class='ocr_par' dir='ltr' id='par_1_5' title="bbox 68 3358 1084 3568">
     <span class='ocr_line' id='line_1_30' title="bbox 137 3358 1084 3452; baseline -0.003 -35"><span class='ocrx_word' id='word_1_220' title='bbox 137 3370 149 3417; x_wconf 87' lang='grc'>1</span> <span class='ocrx_word' id='word_1_221' title='bbox 153 3361 323 3452; x_wconf 81' lang='grc' dir='ltr'><strong><em>εἰρημένης</em></strong></span> <span class='ocrx_word' id='word_1_222' title='bbox 336 3363 512 3444; x_wconf 74' lang='grc' dir='ltr'><strong><em>Ρεῖ.]ίερην</em></strong></span> <span class='ocrx_word' id='word_1_223' title='bbox 533 3384 547 3426; x_wconf 85' lang='grc' dir='ltr'><strong><em>ς</em></strong></span> <span class='ocrx_word' id='word_1_224' title='bbox 599 3369 632 3417; x_wconf 81' lang='lat'><strong><em>20</em></strong></span> <span class='ocrx_word' id='word_1_225' title='bbox 650 3358 835 3431; x_wconf 83' lang='grc' dir='ltr'><strong><em>τραπόμενοι]</em></strong></span> <span class='ocrx_word' id='word_1_226' title='bbox 854 3360 1046 3430; x_wconf 82' lang='grc' dir='ltr'><strong><em>πραττόμενοι</em></strong></span> <span class='ocrx_word' id='word_1_227' title='bbox 1058 3368 1084 3414; x_wconf 88' lang='lat' dir='ltr'>V</span> 
     </span>
     <span class='ocr_line' id='line_1_31' title="bbox 68 3359 1084 3512; baseline 0.001 -28"><span class='ocrx_word' id='word_1_228' title='bbox 68 3436 98 3485; x_wconf 79' lang='lat'><strong><em>21</em></strong></span> <span class='ocrx_word' id='word_1_229' title='bbox 123 3426 229 3492; x_wconf 72' lang='grc' dir='ltr'><strong><em>αὐτοῖς</em></strong></span> <span class='ocrx_word' id='word_1_230' title='bbox 246 3431 288 3511; x_wconf 84' lang='lat' dir='ltr'><strong><em>H]</em></strong></span> <span class='ocrx_word' id='word_1_231' title='bbox 311 3425 410 3512; x_wconf 86' lang='grc' dir='ltr'><strong><em>αύτοῖς</em></strong></span> <span class='ocrx_word' id='word_1_232' title='bbox 442 3433 446 3498; x_wconf 96' lang='grc' dir='ltr'>Ι</span> <span class='ocrx_word' id='word_1_233' title='bbox 479 3359 566 3486; x_wconf 64' lang='grc' dir='ltr'><strong><em>ύαί”</em></strong></span> <span class='ocrx_word' id='word_1_234' title='bbox 547 3427 644 3493; x_wconf 83' lang='grc' dir='ltr'><strong><em>ἄλλοις</em></strong></span> <span class='ocrx_word' id='word_1_235' title='bbox 661 3431 695 3500; x_wconf 89' lang='lat' dir='ltr'><strong><em>V]</em></strong></span> <span class='ocrx_word' id='word_1_236' title='bbox 719 3429 848 3492; x_wconf 79' lang='grc' dir='ltr'><strong><em>καὶτοῖς</em></strong></span> <span class='ocrx_word' id='word_1_237' title='bbox 871 3433 983 3493; x_wconf 87' lang='grc' dir='ltr'><strong><em>λοιποῖς</em></strong></span> <span class='ocrx_word' id='word_1_238' title='bbox 1050 3435 1084 3485; x_wconf 79' lang='lat'><strong><em>24</em></strong></span> 
     </span>
     <span class='ocr_line' id='line_1_32' title="bbox 68 3492 415 3568; baseline -0.009 -14"><span class='ocrx_word' id='word_1_239' title='bbox 68 3494 201 3568; x_wconf 86' lang='grc' dir='ltr'><strong><em>ύπολύβη</em></strong></span> <span class='ocrx_word' id='word_1_240' title='bbox 221 3499 254 3566; x_wconf 94' lang='lat' dir='ltr'><strong><em>V]</em></strong></span> <span class='ocrx_word' id='word_1_241' title='bbox 274 3492 415 3567; x_wconf 82' lang='grc' dir='ltr'><strong><em>ύπολάβοι</em></strong></span> 
     </span>
    </p>
   </div>
   <div class='ocr_carea' id='block_1_5' title="bbox 0 0 1229 3870">
    <p class='ocr_par' dir='ltr' id='par_1_6' title="bbox 0 0 1229 3870">
     <span class='ocr_line' id='line_1_33' title="bbox 0 0 1229 3870; baseline 0 0"><span class='ocrx_word' id='word_1_242' title='bbox 0 0 1229 3870; x_wconf 95' lang='lat' dir='ltr'><strong><em> </em></strong></span> 
     </span>
    </p>
   </div>
  </div>
 </body>
</html>
