2446 3870
152 149 212 213 122
450 151 593 202 Ιυιιεαι
615 150 863 203 ωιεεεεεοειε

151 278 264 360 ὅπλοις
291 276 441 366 ὕστερον.
486 277 587 346 πάλιν
615 277 653 346 δὲ
681 280 830 348 ἐνταῦθα
858 280 979 347 ἐκεῖνοι
1006 280 1068 366 μέν
1095 304 1164 349 που

149 385 186 456 τό
214 390 314 454 νικάν
340 380 603 472 τεθαυμάκασιν·
632 381 696 471 ἐγω
727 384 763 452 δὲ
791 381 877 453 πολὺ
905 385 1007 453 πλέον
1034 383 1072 453 τό
1102 385 1165 466 ξὺν

150 499 227 581 δίκη
254 492 316 580 μὲν
344 487 523 559 ἀνελέσθαι
551 488 611 558 τόν
638 492 799 579 πόλεμον,
827 496 1011 576 διενεγκεῖν
1039 491 1076 560 δὲ
1104 489 1164 561 ἀν-

149 604 268 688 δρείως
299 599 355 666 καὶ
387 596 475 685 μάλα
512 599 688 685 ἐμπείρως,
726 599 898 683 ε’πιθείσης
930 595 968 665 δὲ
999 593 1036 666 τό
1068 600 1165 680 τέλος

148 708 207 794 τής
232 704 335 791 τύχης
362 699 473 783 δεξιὸν
501 702 691 791 χρήσασθαι
721 705 761 791 τή
790 709 866 791 νίκη
895 702 1079 791 σωφρόνως
1105 707 1192 773 καλε

149 813 342 900 βασιλικῶς,
378 811 434 878 καί
476 806 561 890 ὅλως
601 806 696 891 ἀξιον
731 811 792 877 τοῦ
828 823 963 897 κρατεῖν
1004 813 1164 898 φανῆναι.

108 917 317 1006 Ββούλεσθε
345 907 410 985 οὖν
436 917 492 985 καὶ
519 915 649 985 τούτων
676 912 757 1003 ὑμῖν
776 912 885 1003 ὥσπερ
913 917 1042 996 ἐντοῖς
1068 921 1162 984 δικα-

150 1030 298 1112 στηρίοις
329 1019 490 1110 ὀνομαστὶ
522 1025 674 1109 καλῶμεν
700 1019 780 1102 τοὺς
811 1021 995 1110 μάρτυρας;
1026 1022 1082 1090 καὶ
1110 1019 1163 1091 ὅτι

149 1129 211 1218 μὲν
239 1126 351 1210 οὐδείς
382 1154 434 1198 πω
461 1128 603 1215 πόλεμος
634 1129 777 1213 συνέστη
805 1127 969 1218 πρότερον
1001 1124 1081 1197 οὐδὲ
1110 1130 1163 1196 ἐπὶ

148 1235 210 1324 τήν
249 1240 375 1322 Τροίαν
411 1249 482 1313 τοῖς
508 1231 665 1320 Ἕλλησιν
695 1229 788 1302 οὐδὲ
824 1235 878 1303 ἐπὶ
914 1231 994 1314 τοὺς
1029 1236 1165 1323 Πέρσας
1179 1259 1204 1298 ιο

150 1339 363 1425 Μακεδόσιν,
401 1340 495 1427 οἵπερ
534 1336 576 1427 δή
614 1342 775 1408 δοκοῦσιν
808 1342 844 1408 ἐν
877 1344 954 1428 δίκη
991 1342 1163 1427 γενέσθαι,

149 1445 317 1533 τοσαύτην
344 1451 430 1532 ἔχων
456 1441 633 1532 ὑπόδεσιν,
660 1447 716 1515 καὶ
742 1451 841 1515 παιδί
864 1472 931 1515 που
951 1449 1065 1534 δῆλον,
1092 1462 1163 1528 τοῖς

150 1555 211 1641 μέν
238 1579 275 1638 γε
307 1557 385 1621 λίαν
416 1548 565 1640 ἀρχαίων
597 1548 811 1640 ἀδικημάτων
842 1559 1002 1641 τιμωρίας
1029 1552 1164 1643 σφόδρα

149 1660 312 1748 νεωτέρας
344 1654 416 1726 οὔτ’
451 1663 498 1738 είς
533 1663 655 1740 παῖδας
687 1655 764 1727 οὔτε
796 1664 843 1740 είς
874 1657 1036 1745 ἐγγόνους
1068 1687 1163 1746 γενο-

150 1768 261 1854 μένης,
289 1761 372 1833 ἀλλά
405 1769 452 1846 είς
478 1762 539 1833 τὸν
571 1760 780 1853 ἀφελόμενον
806 1766 862 1834 καὶ
890 1761 1164 1853 ἀποστερήσαντα
1179 1787 1203 1828 15

113 1856 138 1932 0
149 1870 211 1960 τήν
228 1868 344 1961 ,ἀρχήν
370 1869 449 1952 τοὺς
479 1873 548 1939 τῶν
576 1869 808 1960 ἀδικησάντων
836 1867 1039 1957 ἀπογόνους·
1069 1868 1164 1960 Ἀγα-

149 1980 284 2068 μέμνων
312 1977 349 2046 δὲ
377 1974 509 2067 ὥρμητο

233 2109 399 2172 Τίσασδαι
423 2098 556 2191 Ἑλένης
584 2097 757 2191 ὁρμήματά
784 2129 819 2171 τε
847 2101 1011 2189 στοναχάς
1037 2128 1083 2189 τε,

149 2229 205 2303 καὶ
238 2228 291 2294 ἐπὶ
322 2223 402 2306 τοὺς
436 2228 552 2313 Τρῶας
583 2226 757 2315 ἐστράτευε
788 2241 932 2313 γυναῖκα
955 2232 1045 2315 ,μίαν
1077 2228 1164 2296 ἐκδι-

149 2347 221 2400 κεῖν
250 2333 387 2400 ἐθέλων.
430 2334 477 2423 τῷ
506 2332 544 2400 δὲ
563 2338 610 2401 ἐτι
628 2332 690 2420 μὲν
717 2323 760 2420 ήν
779 2330 882 2420 νεαρά
905 2331 946 2401 τά
966 2330 1164 2420 ἀδικήματα,
1178 2354 1203 2393 2⁰

149 2429 230 2526 ήρχε
259 2436 295 2506 δὲ
328 2432 370 2504 οό
401 2435 485 2506 κατὰ
511 2447 661 2527 Δαρεῖον
694 2436 774 2508 οὐδὲ
801 2445 958 2527 Πρίαμον
991 2435 1076 2528 ἀνήρ
1109 2435 1164 2507 εό-

150 2540 249 2631 γενής
280 2544 336 2612 καὶ
367 2540 471 2633 τυχόν
507 2541 553 2613 δι’
588 2542 710 2634 ἀρετήν
741 2541 762 2633 ή
794 2542 878 2614 κατὰ
910 2547 1007 2632 γένος
1038 2565 1163 2634 προση-

149 2649 274 2737 κούσης
301 2645 391 2743 αὐτῷ
418 2653 476 2739 τής
503 2657 673 2738 βασιλείας
705 2647 874 2738 ἀξιωθείς,
907 2647 990 2720 άλλόι
1022 2647 1164 2740 ἀναιδής

149 2756 206 2825 καὶ
223 2753 346 2846 τραχὺς
368 2754 539 2848 βάρβαρος
560 2761 629 2826 τῶν
657 2757 852 2826 ἑαλωκότων
880 2755 922 2826 οὐ
944 2755 1009 2846 πρό
1027 2759 1164 2826 πολλοῦ.

104 2868 131 2921 D
149 2860 297 2935 xakb'oa
324 2863 386 2951 μὲν
417 2865 535 2953 ἔπραξε
567 2865 623 2933 καὶ
651 2861 741 2944 ὅπως
767 2855 878 2953 ήρχευ,
908 2861 985 2933 οότε
1012 2859 1080 2951 ήδά
1107 2891 1165 2951 μοι
1178 2883 1203 2923 2⁵

149 2972 259 3056 λέγειν
292 2966 370 3038 οὔτε
398 2971 435 3037 ἐν
467 2973 586 3061 καιρῷ
619 2973 656 3038 ἐν
689 2975 766 3058 δίκη
794 2970 831 3038 δὲ
864 2967 915 3038 ότι
941 2967 1025 3059 πρός
1057 2966 1164 3038 αὐτόν

149 3078 362 3165 ἐπολέμησεν,
391 3073 561 3164 ἀκηκόατε.
606 3079 665 3164 τής
692 3075 730 3145 δὲ
749 3078 917 3165 ἐμπειρίας
945 3077 1001 3144 καὶ
1027 3078 1086 3156 τίς
1104 3072 1164 3145 άν-

185 3305 192 3327 ‘
219 3249 231 3296 1
256 3250 347 3298 κεῖνοι
369 3247 409 3311 V,
428 3238 534 3299 ’κεῖνοι
556 3247 589 3325 Μ,
613 3307 621 3330 x
654 3248 669 3296 2
691 3240 765 3322 πρλδ
790 3242 1000 3328 πλήμνιιμΗ
1026 3304 1039 3326 u
1064 3249 1086 3323 ‚4
1103 3240 1163 3326 ἐπι-

148 3316 258 3445 1³52*ss
277 3314 343 3433 Ῐέό.
360 3382 386 3431 v
415 3316 431 3446 ό
450 3312 625 3445 ἶῖίάίόε
642 3309 789 3441 ἰόυῗίί
810 3314 878 3433 ῗιῖἷ.
902 3330 931 3432 ἒι
949 3340 991 3451 ᾗ]
1003 3313 1063 3448 ῗήῖ
1098 3330 1115 3365 ⁰
1133 3313 1166 3431 δέ

149 3447 255 3510 νεαρᾶς
272 3450 299 3498 Η
314 3448 318 3512 Ι
335 3438 402 3529 οόξε
421 3445 463 3528 είς
479 3466 509 3500 π.
529 3450 586 3500 VM
600 3449 605 3504 Ι
620 3440 756 3516 ἐγγόνους
774 3447 809 3515 V]
828 3441 964 3515 ἐκγόνους
1022 3453 1066 3527 ἱ18
1083 3449 1164 3500 Iliad.

135 3513 166 3576 p}
186 3516 243 3563 356
311 3519 347 3566 20
363 3515 532 3583 αδικηματα
550 3515 618 3583 VM]
641 3511 821 3584 ἐκδικήματα
890 3519 924 3568 24
942 3516 1049 3584 βραχυς
1067 3519 1093 3570 V
