2436 3870
62 419 121 472 τος
154 383 217 459 οὖν
249 393 305 460 καλ
341 418 440 459 τουτο
479 388 590 480 ὀρθῶς
626 393 793 479 εἰρηκέναι
828 395 890 460 τοῦ
914 368 1115 482 Μάρκου,Β

64 496 102 566 τὸ
140 499 233 578 τέλος
274 494 504 584 άποροόμενος
541 492 558 565 ὁ
596 496 759 586 Σειληνὸς
795 497 970 584 ἐπιφύεται
1010 513 1080 578 τοις

65 605 141 693 περὶ
169 601 231 671 τὸν
257 608 363 672 παῖδα
380 604 436 672 καλ
454 601 517 690 τὴν
544 600 690 690 γαμετὴν
714 599 804 696 αὐτῷ
834 607 994 672 δοκοῦσιν
1018 601 1080 672 οὐκ

38 707 182 799 εόρθῶς
201 706 281 778 οὐδὲ
299 707 383 777 κατά
402 709 505 795 λόγον
523 710 726 795 πεποιῆσθαι
736 762 746 795 ,
773 708 836 798 την
854 709 915 797 μὲν
939 706 991 777 ότι
1007 711 1080 790 ταῖς

65 810 227 904 ἡρωίναις
259 811 435 904 ἐνέγραψε,
466 818 513 906 τῷ
546 814 583 882 δὲ
615 811 666 882 ότι
699 813 761 904 τὴν
793 810 976 903 ἡγεμονίαν
1008 817 1079 885 έπέ-

66 934 194 1010 τρεψεν.
242 918 491 1008 Ἐμιμησάμην,
529 919 618 1006 εἴτε,
655 923 711 988 κα]
747 918 832 989 κατά
865 923 963 991 τοῦτο
1000 920 1081 1002 τοὺς

66 1026 183 1108 θεούς·
212 1023 343 1118 Ὁμήρῳ
371 1027 433 1114 μὲν
460 1025 524 1115 γάρ
553 1025 737 1114 ἐπειθόμην
763 1028 893 1113 λέγοντι
921 1029 997 1116 περὶ
1024 1031 1082 1114 της

65 1136 223 1220 γαμετῆς,
257 1129 308 1200 ότι
335 1130 415 1220 άρα,
448 1129 539 1221 ὅστις
558 1129 701 1217 άγαθὸς
732 1136 788 1201 καλ
821 1135 986 1220 ἐχέφρων,
1018 1131 1116 1220 τηνθ

28 1264 53 1303 ιο
68 1235 173 1308 αὑτοῦ
202 1240 308 1325 φιλέει
335 1241 390 1307 κα]
408 1238 556 1326 κήδεται·
584 1239 659 1326 περὶ
679 1237 716 1307 δὲ
742 1241 804 1307 τοῦ
828 1237 949 1319 παιδὸς
976 1236 1082 1307 αὐτοῦ

66 1348 128 1414 τοῦ
155 1342 240 1425 Διὸς
268 1341 440 1431 άπόφασιν
467 1350 544 1431 ἐγω·
578 1343 775 1431 αίτιοόμενος
802 1342 865 1434 γάρ
892 1343 953 1412 τὸν
971 1340 1082 1435 Ἄρεα,

67 1450 179 1518 Πάλαι
206 1448 264 1536 άν,
293 1448 401 1537 εἶπεν,
428 1451 589 1538 ἐβέβλησο
616 1454 662 1541 τῷ
695 1453 863 1543 κεραυνῷ,
896 1455 927 1518 εί
953 1447 996 1539 μι]
1025 1449 1083 1518 διά

68 1555 106 1624 τὸ
147 1555 250 1625 παῖδά
288 1577 324 1624 σε
365 1555 451 1624 εἶναι
492 1552 640 1644 ἠγάπων.
690 1553 797 1637 άλλως
832 1583 869 1625 τε
904 1558 960 1624 καλ
1002 1553 1083 1625 οὐδὲ

69 1659 163 1755 ᾤμην
190 1660 255 1748 ἐγὼ
282 1661 343 1730 τὸν
361 1667 465 1730 παῖδα
492 1659 644 1752 πονηρόν
661 1653 774 1741 ὀὕτως
801 1667 947 1730 ἔσεσθαι.
989 1667 1020 1729 εί
1046 1661 1084 1730 δὲ

30 1764 91 1855 ιιι]
120 1768 237 1856 νεότης
264 1764 319 1855 ἐφ’
350 1768 487 1858 ἑκάτερα
515 1767 658 1856 μεγάλας
684 1768 869 1854 ποιουμένη
898 1764 1003 1855 ῥοπάς
1030 1769 1083 1835 ἐπὶ

70 1872 108 1942 τὸ
137 1889 250 1962 χεῖρον
277 1871 416 1963 ἠνέχθη,
445 1871 519 1961 οὐχ]
546 1876 684 1965 πονηρῷ
712 1871 774 1961 τὴν
801 1869 984 1960 ἡγεμονίαν
1011 1874 1082 1941 ἐπέ-

71 1993 187 2065 τρεψα,
215 1982 407 2069 συνηνέχθη
436 1980 474 2048 δὲ
500 1978 560 2048 τὸν
578 1979 724 2067 λαβόντα
747 1977 898 2069 πονηρὸν
917 1980 1084 2063 γενέσθαι.
1103 1991 1128 2043 Ι)

71 2084 112 2152 τά
148 2112 183 2153 τε
219 2077 281 2154 οὖν
317 2080 392 2176 περὶ
428 2085 490 2174 τὴν
522 2101 666 2171 γυναῖκα
701 2091 881 2172 πεποίηταί
909 2111 966 2171 μοι
1001 2082 1084 2152 κατά

74 2193 172 2280 ζῆλον
198 2187 365 2278 Ἀχιλλέως
396 2195 457 2261 τοῦ
485 2197 600 2277 θείου,
632 2192 689 2260 καλ
715 2190 756 2260 τά
788 2193 863 2281 περὶ
890 2188 950 2259 τὸν
982 2195 1085 2259 παῖδα

29 2321 58 2362 το
72 2296 156 2367 κατά
183 2305 322 2386 μίμησιν
339 2301 401 2367 τοῦ
429 2304 588 2386 μεγίστου
606 2297 702 2385 Διός,
730 2295 837 2378 άλλως
855 2298 964 2366 τεκαὶ
983 2293 1085 2365 οὐδὲν

70 2404 359 2492 καινοτομησαντι.
415 2412 513 2473 παισί
546 2432 581 2472 τε
617 2402 681 2493 γάρ
718 2404 862 2491 νόμιμον
903 2405 1086 2491 ἐπιτρέπειν

70 2508 130 2591 τάς
155 2510 332 2597 διαδοχάς,
365 2513 421 2579 καὶ
447 2498 547 2579 τοῦτο
580 2507 723 2593 άπαντες
755 2507 925 2597 εὔχονται,
957 2509 1019 2598 την
1049 2537 1084 2577 τε

72 2614 220 2704 γαμετὴν
248 2612 311 2683 οὐκ
329 2613 394 2702 έγά
422 2618 563 2708 πρῶτος,
591 2613 674 2685 ἀλλὰ
692 2614 772 2703 μετά
800 2614 944 2696 πολλοὺς
966 2614 1087 2694 άλλους

75 2724 220 2809 ἐτίμησα.
272 2731 352 2802 ἴσως
383 2721 426 2790 δέ
456 2719 494 2790 τό
527 2722 588 2810 μὲν
621 2719 787 2808 άρξασθαι
819 2725 887 2788 τῶν
919 2721 1140 2791 τοιούτων335
1202 2794 1204 2796 ,

31 2847 60 2888 2⁵
73 2823 137 2894 οὐκ
160 2832 250 2895 ἐστιν
269 2825 421 2914 εὔλογον,
448 2827 486 2896 τὸ
507 2827 544 2896 δὲ
572 2828 624 2896 ἐπὶ
646 2829 780 2896 πολλῶν
807 2825 990 2913 γενόμενον
1007 2823 1088 2905 τοὺς

75 2932 299 3014 οἰκειοτάτους
326 2930 520 3023 ἀποστερεῖν
548 2931 648 3020 έγγὺς
675 2929 815 3012 ἀδικίας.
861 2928 932 3000 ἀλλ’
962 2938 1088 2999 ἔλαθον
1131 2993 1133 2997 .

161 3179 173 3224 1
199 3165 325 3233 οὐθενὸς
344 3174 372 3222 Μ
457 3174 474 3222 8
496 3167 586 3238 Ομήρ
588 3171 620 3242 ῳ]
611 3171 719 3239 ]Iliad
739 3190 761 3233 ι,
780 3176 918 3232 341θ1ε,
938 3171 987 3222 897
1058 3174 1089 3221 11

75 3239 106 3309 ἔγ
108 3240 237 3308 ωΜΡε]
260 3237 290 3306 έχ
293 3258 331 3292 ιον
419 3244 450 3291 12
473 3233 486 3292 ἒ
507 3259 518 3293 ε
521 3241 555 3309 βλ
577 3229 771 3319 οοΜΜΑος]
795 3234 860 3326 έβεβ
862 3233 1004 3304 λη’μηνσε
1058 3243 1089 3289 13

73 3261 214 3362 καλοάδὲ
229 3240 478 3388 λῙΜΡεᾱεμμεοΙι
511 3241 582 3362 ου’ό]
664 3310 696 3358 18
713 3324 749 3359 τα
767 3325 797 3360 τε
816 3237 868 3362 ουν
887 3303 1034 3372 VMAug
1054 3301 1089 3356 τά

76 3365 130 3430 οόν
199 3379 232 3428 20
251 3367 345 3428 οόθὲν
363 3376 495 3442 VMAug.
565 3378 597 3426 21
616 3371 709 3494 παισὶ]
729 3374 800 3427 πᾶσι
818 3376 949 3452 VMAug
1017 3376 1089 3423 22et

75 3447 109 3495 23
136 3442 203 3521 τήν
217 3459 248 3495 τε
266 3460 332 3510 γαμ.
351 3443 499 3519 VMAug.]
527 3436 581 3526 τὴν
608 3439 640 3494 δὲ
663 3459 730 3508 γαμ
818 3449 850 3496 25
877 3431 930 3492 οόκ
953 3435 1030 3494 ἔστιν
1047 3441 1088 3508 V]

76 3499 203 3562 έστλν’
173 3527 226 3564 ουκ
295 3513 328 3562 25
346 3527 448 3563 του-
465 3508 624 3578 γενομένου
642 3517 715 3562 cant.
734 3518 791 3576 pet.
