2414 3862
128 159 191 224 602
432 157 576 209 IULIANI
593 153 845 208 IMPERATORIS

129 294 207 384 ἀχρι
234 297 303 362 των
329 294 453 380 βωμῶν
474 292 625 379 φέρεται.
672 286 733 359 οὐκ
756 289 901 359 ίστεότι
924 289 991 378 πρὸ
1015 288 1149 382 πάντων

130 403 199 470 τῶν
231 397 344 467 ἀλλων
374 398 415 466 τά
446 401 505 484 τὴς
534 395 658 485 ἡμέρας
684 395 740 494 καὶ
766 393 806 464 τά
835 400 894 483 τῆς
921 395 1045 476 νυκτὸς
1073 401 1149 484 ἔργα

132 506 305 596 διὴρηται;
342 496 440 585 οὗτος
467 496 531 572 οὖν
558 502 693 582 εἰκότως
718 516 789 581 τοῖς
815 502 878 589 μὲν
905 499 1082 592 ἀφῃρέθη,
1113 505 1149 591 τὴ

133 611 170 680 δὲ
202 609 386 680 ἀνακέοιτο.
432 607 473 678 οὐ
505 609 568 697 γάρ
603 608 645 696 δὴ
676 601 735 696 τὴς
763 609 906 696 έσθὴτος
937 607 1001 695 τὴν
1030 606 1150 694 λευκὴν
1202 608 1203 616 ’

133 720 185 787 ἐπὶ
226 733 297 798 τοῖς
336 719 498 787 πένθεσιν
537 715 650 805 ὀρθῶς
686 721 763 801 ἔχον
800 715 869 783 ἐστὶ
905 723 1170 802 παραιτεῖσθαι,ε

132 823 275 892 θάπτειν
309 823 346 891 δὲ
377 822 456 903 τοὺς
486 820 746 914 τελευτήσαντας
773 822 811 888 έν
829 817 945 908 ,ἡμέρα
971 820 1030 899 καὶ
1058 825 1151 906 φωτί.

132 932 266 1015 βέλτιον
285 921 357 1018 (ἡν)
378 931 497 1014 έκεῖνο,
520 936 554 995 εί
567 953 605 1013 γε
624 931 671 1006 είς
690 923 814 995 οὐδένα
831 929 901 993 τῶν
917 929 1014 993 θεῶν
1034 927 1150 1013 ἐπλημ-

132 1043 277 1122 μελεῖτο,
313 1038 413 1103 τοῦτο
446 1033 484 1102 δὲ
516 1031 578 1101 οὐκ
610 1032 763 1120 ἐκφεύγει
790 1031 828 1101 τὸ
856 1030 902 1118 μὴ
930 1035 978 1111 είς
1007 1030 1149 1113 ἅπαντας

132 1141 211 1228 τοὺς
237 1139 342 1220 θεοὺς
364 1138 451 1208 εἶναι
475 1141 682 1225 δυσσέβειαν.
728 1151 798 1217 τοῖς
818 1164 855 1215 τε
877 1137 942 1226 γάρ
963 1135 1150 1225 Ὀλυμπίοις
1173 1140 1175 1144 '

133 1244 175 1315 οὐ
198 1249 278 1315 δέον
297 1243 378 1314 αὐτὸ
398 1247 636 1334 προσνέμουσι,
659 1246 715 1312 καὶ
733 1248 800 1313 τῶν
817 1251 981 1332 χθονίων,
1005 1242 1027 1332 ἡ
1047 1244 1148 1316 όπωσ-
1160 1269 1178 1307 1⁰

35 1417 43 1434 ,
134 1357 197 1420 οὖν
224 1350 331 1431 άλλως
362 1356 397 1420 οί
413 1355 489 1419 Ιτων
517 1355 634 1438 φυγῶν
661 1354 833 1439 ἐπίτροποι
860 1352 915 1420 καὶ
942 1350 1057 1441 κύριοι
1085 1361 1149 1442 χαί-

133 1477 253 1544 ρουσιν
272 1446 524 1546 ὀνομαζόμενοι,
547 1458 638 1546 παρά
655 1457 693 1526 τὸ
714 1461 794 1528 δέον
812 1454 1061 1547 ἀλλοτριοῦσιν.
1089 1461 1148 1547 ἐγὼ

134 1564 170 1632 δὲ
195 1562 272 1633 οίδα
291 1565 349 1654 ,καὶ
372 1563 451 1644 τοὺς
471 1564 644 1652 περιττοὺς
661 1565 717 1631 καὶ
736 1561 883 1652 ἀκριβεῖς
900 1564 941 1632 τὰ
960 1574 1041 1633 θεῖα
1058 1575 1150 1646 θεοῖς
1197 1613 1200 1617 -

133 1684 203 1751 τοῖς
238 1670 327 1739 κάτω
360 1670 491 1760 νύκτωρ
523 1667 544 1759 ἡ
577 1669 710 1750 πάντως
740 1668 821 1758 μετὰ
854 1671 997 1759 δεκάτην
1030 1670 1150 1760 ἡμέρας

133 1778 227 1868 ω’ραν
256 1775 328 1865 ίερά
356 1781 443 1865 δρᾶν
465 1775 650 1859 ἀξιοῦντας.
696 1782 727 1845 εί
749 1776 786 1844 δὲ
808 1780 867 1863 τὴς
890 1778 1031 1848 ἐκείνων
1052 1788 1179 1866 θερα-ιε

133 1890 227 1965 πείας
264 1875 362 1962 οὗτος
397 1880 546 1970 ἀμείνων
583 1881 601 1952 ό
634 1882 764 1971 καιρός,
807 1879 886 1951 οὐδὲ
917 1887 957 1973 τὴ
973 1977 975 1982 Ι
989 1891 1150 1974 θεραπεία

133 1990 265 2069 πάντως
288 1992 356 2057 τῶν
378 1988 575 2057 τεθνεώτων
598 1991 713 2077 ἕτερον
737 1985 965 2076 ἀποδώσομεν.

227 2103 312 2174 ΤοῖςΙ
331 2093 393 2182 μὲν
423 2086 485 2164 οὖν
501 2095 627 2163 ιἑκοῦσι
649 2097 866 2182 πειθομένοις
889 2096 1022 2183 ἐξαρκεῖ
1041 2100 1151 2164 ταῦτα.

135 2199 156 2271 ἀ
187 2202 251 2293 γάρ
286 2201 482 2292 ἡμάρτανον
513 2190 699 2289 μαθόντεςΙ
714 2202 968 2288 μετατιθέσθων
1000 2201 1085 2291 πρὸς
1115 2202 1149 2271 τὸ

133 2312 275 2396 βέλτιον.
321 2314 352 2377 εί
383 2311 423 2376 δέ
452 2322 501 2387 τίς
532 2306 685 2387 τοιοῦτός
717 2308 807 2374 ἐστιν
835 2301 906 2385 οἷος
933 2303 1072 2396 ἀπειλῆς
1098 2309 1180 2376 καίει

134 2421 248 2501 ζημίας
271 2419 421 2499 δεῖσθαι,
453 2423 532 2482 ίστω
555 2413 618 2500 τὴν
641 2418 800 2501 μεγίστην
822 2409 958 2499 ὑφέξων
981 2417 1097 2501 δίκην,
1123 2419 1151 2482 εί

133 2518 197 2606 πρὸ
236 2517 374 2606 δεκάτης
404 2517 566 2608 ἡμερινῆς
597 2520 686 2608 ὥρας
716 2518 873 2607 τολμήσει
905 2546 940 2587 τε
970 2526 1042 2589 τῶν
1075 2521 1149 2590 ἀπο-

133 2627 322 2713 γινομένων
348 2623 441 2706 τινὸς
466 2628 627 2713 κηδεῦσαι
656 2629 750 2713 σῶμα
777 2626 832 2693 καὶ
861 2624 918 2693 διὰ
944 2630 1004 2714 τὴς
1027 2628 1164 2707 πόλεως

133 2736 295 2820 ἐνεγκεῖν·
332 2729 416 2801 ἀλλά
449 2732 571 2812 δόντος
603 2730 701 2820 ἡλίου
732 2732 787 2799 καὶ
820 2723 864 2799 αὖ
891 2733 973 2820 πρὶν
1001 2730 1150 2822 ἀνίσχειν

132 2845 235 2908 ταῦτα
258 2840 421 2927 γενέσθω,
443 2837 465 2926 ἡ
490 2838 527 2906 δὲ
550 2835 655 2925 ἡμέρα
678 2836 813 2926 καθαρά
836 2845 1003 2926 καθαροῖς
1025 2855 1097 2921 τοῖς
1118 2866 1151 2908 τε
1161 2863 1181 2904 ιι

133 2949 243 3034 έργοις
264 2948 320 3015 καὶ
342 2960 413 3025 τοῖς
432 2942 622 3032 Ὀλυμπίοις
645 2941 837 3013 ἀνακείσθω
859 2952 964 3023 θεοῖς.

200 3092 324 3179 θάλλων
336 3097 373 3164 Η]
388 3088 483 3150 ἀλλων
495 3089 533 3178 ρξς
542 3098 572 3148 Μ
586 3097 591 3162 Ι
606 3088 748 3179 ἡμετέρας
758 3098 786 3148 Μ
816 3100 894 3174 ξει4
908 3096 1063 3166 Corruptus
1075 3102 1150 3153 locus

133 3164 196 3215 fort.
216 3165 446 3244 1tasoribe13dus:
477 3182 569 3225 ουτως
588 3182 641 3218 ουν
662 3160 782 3241 εἰκότως
797 3183 849 3230 της
871 3159 924 3230 μὲν
943 3164 993 3229 (ευ.
1012 3167 1066 3234 τῆς
1084 3161 1150 3235 ἡμέ-

131 3233 194 3313 ρας)
216 3233 309 3315 ,τοῦτο
337 3233 380 3301 (το
399 3229 537 3314 θάπτειν)
565 3226 720 3302 ἀφῃρέθη,
750 3250 786 3299 τη
809 3227 843 3284 δὲ
870 3231 919 3296 (ιο.
938 3230 974 3302 τὴ
993 3235 1089 3301 νυκτὶ)
1116 3227 1151 3286 ἀν

130 3316 286 3353 ανακεοιτο
365 3304 438 3366 ῖην
458 3302 520 3351 add.
538 3301 566 3350 H
642 3297 884 3366 9δυσσέβειαΜ
964 3305 995 3353 15
1016 3297 1150 3370 ίερεῖαΜ

131 3370 162 3418 16
181 3367 216 3436 τῇ
233 3368 463 3447 θεραπείᾳ-,17
481 3364 579 3434 ἕτερον
604 3361 786 3435 (ses-monh)
805 3365 842 3435 Η]
871 3363 926 3434 τὴν
944 3370 1150 3435 θεραπείαν-

379 3452 452 3502 προς

130 3490 232 3564 ἑτέραν
250 3504 280 3554 M
328 3506 360 3554 19
377 3497 456 3569 παρά
475 3504 504 3553 Μ
549 3507 582 3554 24
600 3492 639 3554 αὖ
657 3493 747 3578 Ηὴοό
766 3503 795 3552 Μ
842 3504 874 3553 26
892 3501 965 3556 Ante
984 3508 1048 3566 τοῖς
1066 3497 1148 3570 ὄλυμ-
