2446 3870
135 133 195 198 174
433 134 576 186 IULIANI
597 107 868 186 IMPERATORIS'

132 289 251 350 μενον,
284 266 315 330 εί
340 259 385 349 μὴ
413 260 598 351 προσλάβοι
624 259 687 348 την
712 263 774 328 τού
801 257 912 348 φωτὸς
942 255 1148 348 ἡγεμονικὴν

132 367 305 456 βοήθειαν.
352 363 475 457 ὁρατὸν
503 367 540 435 δὲ
568 364 652 447 ὅλως
670 375 721 454 εἴη
749 362 792 435 άν
814 373 850 434 τί
874 364 918 455 μὴ
943 368 1029 455 φωτὶ
1055 370 1147 455 πρω-

130 501 191 543 τον
219 470 330 562 ὥσπερ
358 471 421 560 ύλη
449 479 579 561 τεχνίτῃ
606 475 811 562 προσαχθέν,
839 470 884 542 ἵν’
915 471 1007 559 οἶμαι
1034 471 1071 541 τὸ
1100 471 1147 542 εἷ-

132 585 190 661 όος
231 577 376 667 ὃέξηταις
418 581 473 648 καλ
510 577 574 669 γάρ
611 577 648 649 τὸ
690 585 831 668 χρυσίον
868 575 980 659 άπλῶς
1020 575 1146 650 οὑτωσὶ

130 689 314 774 κεχυμένον
347 691 416 754 έστι
447 686 510 775 μὲν
540 692 698 775 χρυσίον,
730 683 773 755 ού
803 684 871 775 μὴν
904 683 1033 773 άγαλμα
1061 682 1172 756 ούδέε

131 792 242 878 εἰκών,
269 793 350 878 πρὶν
368 788 410 861 άν
429 789 447 861 ὁ
466 798 615 880 τεχνίτης
642 790 733 884 αύτῷ
760 794 883 881 περνθῇ
910 789 972 880 τὴν
999 793 1146 882 μορφήν.

131 895 258 968 ούκοῦν
284 901 340 968 καὶ
369 895 432 967 ὅσα
459 900 609 986 πέφυκεν
633 895 780 988 ὁρᾶσθαι
807 896 851 987 μὴ
880 895 942 979 ξύν
970 899 1056 986 φωτὶ
1075 915 1146 981 τοῖς

85 1000 234 1094 Βὸρῶσι
274 1005 510 1095 προσαγόμενα
554 1009 616 1074 τού
662 1001 766 1094 ὁρατὰ
807 1003 894 1074 εἶναι
934 1003 1146 1074 παντάπασιν

132 1114 309 1201 ἐστέρηται.
356 1110 474 1192 διδούς
505 1103 569 1180 οὖν
595 1125 666 1192 τοῖς
692 1137 727 1180 τε
759 1107 863 1201 ὁρῶσι
895 1107 932 1180 τό
962 1106 1047 1199 ὁρᾶν
1073 1127 1145 1194 τοῖς

130 1244 165 1286 τε
198 1213 379 1307 ὁρωμένοις
410 1215 448 1286 τὸ
481 1213 627 1306 ὁρᾶσθαι
660 1216 724 1285 δύο
757 1217 876 1305 φύσεις
908 1219 1057 1308 ἐνεργείᾳ
1083 1221 1144 1311 μιᾷ
1159 1245 1185 1285 ιο

130 1332 262 1409 τελειοϊ,
295 1320 376 1403 όψιν
402 1323 460 1390 καὶ
488 1319 623 1412 ὁρατόν·
657 1327 695 1390 αί
720 1322 756 1391 δὲ
783 1323 981 1411 τελειότητες
1008 1328 1081 1412 είιλη
1110 1327 1148 1395 τέ

130 1433 194 1497 είσι
225 1430 281 1497 καὶ
313 1424 421 1497 ούσία.
471 1426 554 1499 άλλά
584 1432 684 1498 τούτο
718 1428 779 1517 μὲν
817 1439 897 1511 ἴσως
933 1428 1144 1519 λεπτότερον·

130 1525 157 1627 ᾦ
185 1534 222 1602 δὲ
249 1539 575 1624 παρακολουθοῦμεν
594 1535 788 1625 ξύμπαντες,
816 1533 1031 1623 ἀμαθεῖςκαὶ
1051 1539 1143 1607 ’ἰδιῶ-

128 1654 193 1727 τάι,
222 1641 404 1732 φιλόσοφοι
422 1644 478 1711 καὶ
496 1643 614 1730 λόγιοι,
642 1649 718 1711 τίνα
736 1645 774 1711 έν
801 1645 847 1735 τῷ
866 1643 966 1712 παντὶ
994 1641 1142 1731 δύναμιν
1184 1689 1189 1695 -

129 1743 277 1835 άνίσχων
311 1754 376 1838 ἔχει
407 1751 463 1818 καὶ
494 1749 745 1836 καταδυόμενος
775 1744 793 1818 ὁ
821 1749 916 1832 θεός;
949 1748 1054 1818 νύκτα
1085 1753 1142 1820 καὶ
1158 1773 1185 1816 15

129 1849 256 1943 ἡμέραν
283 1854 450 1944 ἐργάζεται
481 1857 537 1924 καὶ
564 1862 742 1944 μεθίστησι
769 1858 924 1945 φανερῶς
949 1857 1006 1924 καὶ
1033 1857 1144 1944 τρέπει

77 1958 170 2034 Ῑοετό
211 1963 287 2030 πάν.
346 1968 455 2031 καίτοι
494 1968 562 2031 τίνι
602 1964 701 2032 τοῦτο
742 1964 811 2030 τῶν
847 1958 958 2030 άλλων
996 1959 1145 2051 ἀστέρων

128 2063 282 2175 ύπάρχει;
310 2092 380 2150 πως
408 2059 472 2137 οὖν
499 2066 562 2138 ούκ
580 2071 617 2138 έκ
643 2068 774 2137 τούτων
796 2065 861 2197 ηδη
889 2069 945 2136 καὶ
972 2070 1048 2196 περὶ
1075 2073 1144 2139 τῶν

128 2171 310 2262 θειοτέρων
336 2174 545 2264 πιστεύομεν,
574 2202 618 2256 ως
645 2173 710 2263 άρα
737 2172 851 2243 καὶ
815 2201 856 2243 τα
885 2169 1030 2297 ὑπὲρ
996 2202 1058 2243 τον
1086 2173 1144 2244 ού-

129 2278 235 2370 ρανὸν
262 2277 376 2369 άφανη
362 2283 452 2349 καὶ
469 2291 547 2350 θεῖα
566 2308 694 2370 νοερων
711 2283 805 2349 θεων
832 2282 912 2368 γένη
930 2307 989 2368 της
1017 2277 1145 2367 άγαθο-
1159 2305 1186 2346 ιο

129 2390 240 2468 ειιλοῦς
272 2385 522 2475 άποπληρούται
554 2384 631 2476 παρ’
667 2384 772 2457 αύτοιῖ
805 2387 995 2474 δυνάμεως,
1024 2379 1052 2479 ᾧ
1082 2391 1147 2470 πᾶς

123 2490 236 2585 μὲν
217 2521 280 2564 νπε
282 2500 345 2562 ίκει
372 2491 472 2583 χορὸς
499 2490 707 2583 άστέρων,“
687 2519 798 2563 επεται
816 2490 896 2582 όλὴ
925 2495 1054 2580 γένεσις
1072 2490 1140 2564 ύπό

73 2606 186 2687 τῆς
222 2601 344 2670 τούτου
380 2602 618 2690 κυβερνωμένη
655 2605 825 2690 προμηθεί
823 2627 932 2683 αςςο
914 2604 950 2668 οί
982 2599 1045 2688 μὲν
1076 2628 1141 2690 γαρ

88 2704 341 2793 Βπλάνητες“
323 2735 373 2775 οτι
400 2708 475 2796 περὶ
507 2703 611 2776 αὐτὸν
640 2704 750 2795 ὥσπερ
782 2708 940 2795 βασιλέα·
928 2704 1143 2795 ιχορεύοντες

129 2818 166 2881 ε”ν
192 2832 280 2881 τισιν
313 2808 508 2902 ωρισμένοις
540 2812 623 2903 πρὸς
656 2810 760 2886 αὐτὸν
788 2809 1055 2900 ὃιαστημασιν
1038 2841 1141 2902 αρμο-
1155 2834 1182 2875 ²5

129 2918 273 2989 ὃιοίτατα
292 2920 454 3008 φέρονται
471 2921 593 3012 κύκλῳ,
612 2919 816 3015 στηριγμούς
833 2946 927 3000 τινας
944 2919 1141 3008 ποιούμενοι

128 3029 184 3096 καὶ
211 3026 325 3116 πρόσω
353 3027 408 3095 καὶ
436 3022 543 3096 ὀπίσω
570 3033 720 3115 πορείαν,
748 3021 793 3106 ὡς
820 3030 856 3094 ολ
877 3028 938 3113 τῆς
965 3029 1144 3115 σφαιρικης

129 3134 344 3223 ἐπιστήμονες
370 3139 517 3222 θεωρίας
535 3130 736 3242 ὀνομάζουσι
758 3130 799 3199 τά
817 3133 892 3220 περὶ
920 3128 1046 3213 αὐτοὺς
1064 3160 1142 3220 φαι-

215 3323 227 3368 1
252 3309 407 3385 προσλάβοι
426 3316 518 3386 VMb]
543 3312 698 3383 προσλάβει
723 3319 788 3380 EF,
811 3311 958 3398 προσλάβῃ
975 3332 993 3367 v
1015 3317 1141 3367 Iulianus

128 3336 290 3437 Platonem⁰
292 3387 418 3452 sequitur
437 3386 471 3437 de
475 3387 558 3465 Βεμ.
576 3386 615 3436 VI
634 3385 721 3438 5071)
802 3376 892 3450 3ύλη
909 3400 927 3435 v
995 3381 1142 3452 θπεριθη

110 3452 167 3521 Ἠ]
186 3453 337 3535 περιθείη
411 3445 504 3518 ’λξυν
521 3450 556 3537 VJ
577 3449 631 3504 οὐν
717 3457 749 3505 10
771 3452 824 3521 μιᾷ
846 3452 951 3503 deest
942 3468 971 3502 1n
990 3452 1096 3503 mareil.
1115 3458 1145 3503 et

118 3527 177 3585 pot.
251 3521 318 3585 135
303 3516 464 3589 ξύμπαντες
482 3519 516 3588 V]
535 3537 664 3581 απαντες
