2446 3870
154 163 195 228 96
280 180 282 182 ’
454 165 599 217 IULIANI
620 163 867 216 IMPERATORIS

155 288 258 381 ἀρχάς
288 295 467 382 πειρῶνται
500 292 710 379 ξυμπείθειν,
744 285 788 370 ώς
816 287 858 377 δὴ
884 288 989 357 ταύτά
1017 316 1055 375 γε
1082 285 1169 358 αύτα

156 401 294 467 ἐκείνων
321 398 510 468 ἐθελόντων
537 400 654 483 λέγειν.
675 398 841 464 ’ἐνταῦθα
868 394 906 464 δὲ
934 403 967 463 εί
990 421 1039 476 τις
1066 397 1170 477 έξέλοι

154 507 223 572 τών
247 499 394 594 Ὁμήρου
421 502 528 592 μόνον
554 501 595 572 τά
622 493 690 571 τών
716 498 838 592 ἡρώων
866 497 1024 588 ὀνόματα,
1052 503 1169 591 ἐνθείη

157 608 258 680 δὲτὸ
269 611 449 738 βασιλέως
475 611 532 679 καὶ
550 608 775 699 έναρμόσειεν,
804 605 846 676 ού
865 609 993 694 μάλλον
1019 612 1068 688 ες
1086 610 1170 677 έκει

154 743 237 796 νονς
264 711 285 804 ἢ
312 719 434 786 τοῦτον
452 719 655 804 πεποιῆσθαι
675 711 820 796 δόξει
786 740 826 782 τα
855 709 917 800 [ὑπ
918 713 970 803 λρ]
998 716 1057 800 τῆς
1071 710 1170 783 Ἰλιά·
1184 747 1197 787 ι

157 828 216 903 δος
243 827 349 909 έπηι,
328 819 432 892 ἀιλλ’
462 819 550 903 ὅπως
577 819 621 910 μὴ
649 820 690 889 τά
717 816 802 908 ὑπὲρ
828 821 897 889 τών
925 825 1035 909 ἔργων
1061 820 1170 908 μόνον

156 924 336 1010 ἀκούοντες
361 929 415 998 ταὶ
442 931 511 998 τών
537 926 808 1017 κατορθωμάτων
837 925 933 1016 (τών)
962 928 995 1006 ές
1021 922 1082 994 τὸν
1108 926 1170 996 πό-

116 1041 258 1122 Βλεμον
286 1040 423 1104 ἔλαττον
455 1040 543 1124 ἔχειν
574 1030 830 1121 ύπολαμβάνητε
863 1033 1000 1119 βασιλέα
1026 1033 1101 1122 περὶ
1129 1029 1170 1102 τά

156 1140 336 1230 σεμνότερα
372 1142 429 1210 καὶ
466 1131 514 1209 ών
550 1138 645 1221 ἀξιον
681 1145 814 1227 μείζονα
845 1148 1019 1208 ποιεῖσθαι
1056 1137 1170 1226 λόγον,

156 1249 372 1336 δημηγοριῶν
400 1273 485 1333 φημι
512 1247 568 1314 καλ
587 1247 810 1333 ξυμβονλιών,
837 1245 893 1313 καὶ
917 1240 1025 1314 ὁπόσα
1051 1244 1169 1334 γνώμη
1186 1279 1212 1318 ιο

154 1350 236 1440 μετά
271 1340 337 1421 νού
377 1353 433 1421 καὶ
470 1349 666 1442 φρονήσεως
704 1350 920 1437 κατευθύνει,
957 1347 1092 1440 ἀθρεῖτε
1133 1354 1171 1420 έν

152 1454 310 1526 Ὀδυσσεῖ
338 1458 395 1526 καὶ
427 1459 574 1548 Νέστορι
605 1471 676 1538 τοῖς
708 1458 961 1545 ἐπαινουμένοις
992 1454 1076 1525 κατὰ
1107 1455 1186 1546 τὴν,

154 1569 302 1651 ποίησιν,
328 1565 386 1634 καὶ
412 1561 456 1653 ἤν
482 1590 514 1631 τι
542 1576 637 1651 μεῖον
665 1565 701 1631 ἐν
725 1569 858 1651 βασιλεῖ
881 1561 1171 1650 καταμανθάνητε,

154 1684 225 1750 τοῖς
262 1671 447 1751 ἐπαινέταις
482 1672 583 1738 τοῦτο
619 1675 806 1755 λογίζεσθε,
842 1670 945 1738 πλέον
981 1669 1019 1738 δὲ
1051 1674 1172 1757 ἔχοντα

156 1779 293 1857 δικαίως
325 1772 406 1866 (ἀν)
440 1773 545 1845 αὑτὸν
577 1778 704 1862 μάλλον
736 1772 991 1863 ἀποδεχοίμεθα.
1042 1771 1172 1845 ούιιυὺν
1187 1808 1212 1850 ιο

156 1876 183 1963 όι
202 1883 279 1969 μέν,
312 1878 456 1971 ὁπηνίκα
483 1888 695 1975 χαλεπαίνειν
726 1882 783 1951 καὶ
811 1880 999 1964 στασιάζειν
1025 1878 1171 1970 ἤρχοντο

154 1990 230 2079 περὶ
256 1992 314 2078 τῆς
340 1987 557 2079 ,αἰχμαλώτου
584 1987 700 2079 κόρης,
732 1988 842 2074 λέγειν
873 1989 1048 2077 έπιχειρών
1081 1984 1171 2056 οὕτω

116 2095 199 2183 οδή
226 2122 257 2164 τι
284 2102 396 2165 πείθει
422 2093 639 2183 τὸνβασιλέα
666 2095 722 2164 καλ
744 2092 806 2163 τὸν
831 2083 890 2180 τῆς
910 2094 1058 2179 Θέτιδος,
1086 2090 1173 2163 ώστε

155 2196 173 2269 ὁ
206 2200 267 2288 μέν
300 2199 454 2289 ἀκόσμως
485 2202 623 2285 διέλυσε
655 2199 716 2269 τόν
749 2199 927 2286 ξύλλογον,
964 2194 982 2268 ὁ
1020 2198 1057 2269 δέ
1089 2197 1172 2268 ούδὲ

154 2311 347 2394 περιμείνας
374 2303 634 2393 ἀφοσιώσασθαι
660 2305 702 2373 τά
728 2304 812 2395 πρὸς
838 2303 898 2374 τὸν
925 2304 1038 2393 θεόν,
1057 2310 1106 2374 ἔτι
1133 2305 1211 2380 δδιο

154 2407 239 2478 αύτδι
267 2414 361 2502 δρών
378 2412 434 2480 καὶ
453 2407 595 2502 ἀφορών
623 2413 656 2492 ἐς
672 2409 734 2499 τὴν
759 2417 921 2501 θεωρίδα,
950 2414 1074 2481 στέλλει
1091 2410 1173 2494 τούς

153 2516 301 2605 κη’ρυκας
328 2518 381 2586 έπὶ
408 2515 470 2605 τὴν
495 2514 663 2606 Ἀχιλλέως
691 2518 829 2606 σκηνήν,
858 2514 968 2608 ώσπερ
996 2514 1090 2605 οἶμαι
1117 2523 1171 2587 δε-

155 2619 235 2703 διώς
261 2622 305 2712 μὴ
333 2627 392 2711 τῆς
419 2621 522 2713 ὀργῆς
540 2624 780 2712 ἐπιλαθόμενος
806 2625 862 2692 καλ
890 2620 1091 2710 ἀπαλλαγεὶς
1108 2628 1171 2693 τού

152 2727 286 2810 πάθους
326 2736 506 2820 μεταγνοίη
538 2733 595 2800 καὶ
627 2726 799 2818 ἀποφύγοι
835 2727 898 2817 τὴν
930 2725 1118 2820 ἁμαρτάδα·
1152 2727 1170 2800 ὁ

154 2833 194 2905 δέ
219 2837 255 2903 έκ
282 2838 340 2922 τῆς
365 2832 498 2925 Ἰθάκης
525 2836 635 2926 ῥήτωρ
654 2835 863 2926 πολύτροπος
890 2842 1022 2905 πείθειν
1050 2839 1170 2925 ἐπιχει-
1184 2867 1209 2908 ιτ

153 2943 224 3030 ρών
254 2940 339 3032 πρὸς
372 2941 552 3030 διαλλαγάς
581 2941 726 3031 Ἀχιλλέα
762 2944 819 3011 καὶ
852 2945 944 3033 δώρα
980 2940 1087 3012 πολλὰ
1121 2948 1170 3012 δι-

194 3198 237 3248 4
259 3191 295 3250 τά
317 3193 457 3281 βασιλεως
475 3199 499 3250 V
524 3199 530 3264 1
556 3191 742 3265 ἐναρμόσειεν
759 3190 835 3264 Η]ἕ
836 3191 976 3264 ναρμόσοι
996 3193 1170 3280 (ἐναρμόσαι

152 3263 233 3332 Rsk.)
302 3270 318 3318 5
341 3259 415 3333 ὑπὲρ
435 3267 501 3316 Rsk.
519 3265 599 3317 malit
622 3268 721 3318 abesse
791 3268 807 3318 ⁷
829 3265 886 3318 τῶν
905 3267 966 3319 add.
985 3267 1013 3315 H
1083 3269 1117 3318 15
1134 3255 1171 3319 ἂν

153 3333 215 3386 add.
238 3334 265 3383 H
335 3336 367 3385 1⁷
385 3339 413 3385 et
430 3336 463 3387 18
484 3320 560 3386 οὑτω
568 3326 621 3411 δή
643 3331 689 3398 τι]
714 3334 790 3385 Idem
812 3333 915 3400 legitur
937 3333 1021 3386 21213
1047 3339 1075 3384 et
1097 3335 1171 3400 apud

98 3420 100 3422 ·
151 3400 323 3451 Herodotum
346 3416 402 3451 non
424 3402 522 3464 semel,
547 3389 622 3453 οὑτω
638 3417 666 3453 τι
688 3402 850 3482 saepissime
874 3403 948 3467 apud
970 3401 1171 3454 Philostratum

152 3468 184 3516 21
212 3459 285 3518 αύτδ
311 3467 337 3518 V
421 3471 454 3519 23
483 3469 535 3536 τῆς
565 3460 665 3535 ἕορτῆς
697 3462 904 3536 ἐπιλαβόμενος
930 3470 955 3521 V
1035 3471 1069 3520 24
1099 3460 1171 3521 άτιο-

143 3525 227 3596 φάνν
255 3533 282 3583 V
