2416 3864
210 159 390 211 EplsTOLA
407 135 458 211 Αο
476 159 504 214 ε.
521 161 552 213 P.
572 162 604 223 ο.
624 158 750 213 Ανσοα
779 131 908 213 mnu„
928 206 937 215 Α
981 162 1097 233 ,ιθόσῑ
1122 115 1142 209 δ’

54 295 181 358 ἐλαθεν
208 283 289 357 οὐδὲ
308 284 371 355 ὅσα
389 287 539 376 ἐπράχθη
558 289 634 375 περὶ
652 286 731 368 τοὺς
749 285 792 357 άν
913 280 1124 384 562&sz
1131 310 1136 322 ⁸

55 390 103 476 ως
130 397 228 462 τοῦτο
262 389 353 485 αὐτῷ
385 392 601 482 κατεμηνάθη
628 391 666 462 τὸ
695 396 845 483 πρᾶγμα,
873 422 915 463 κα
990 380 1071 462 υνά·

55 528 133 588 μιος
161 502 329 587 ἐξαίφνης,
357 495 456 580 άλλος
483 499 709 589 συκοφάντης,
736 502 772 569 ἐκ
799 502 935 568 Κελτῶν
961 497 1072 587 ἤγγει·

56 615 116 674 λεν
143 603 226 675 ὅσον
254 602 348 674 οόπω
376 602 437 673 τὸν
464 604 658 676 Σιλουανὸν
685 602 776 698 αὐτῷ
802 608 964 694 πολέμιον
991 602 1071 673 άνα-

30 723 260 800 ςφαυεῖσθαι,
293 715 407 791 δείσας
437 711 628 780 παντάπασι
660 713 716 779 καὶ
748 713 916 800 φοβηθεὶς
953 708 1072 780 αὐτίκα

57 814 109 886 ἐπ’
141 817 197 905 ἐμὲ
224 818 352 906 πέμπει,
380 817 436 885 καὶ
454 814 576 906 μικρὸν
603 823 651 898 είς
668 815 731 906 τὴν
755 814 897 892 Ἐλλάδα
915 817 1073 898 κελεύσας

56 920 275 1014 ὑποχωρῆσαι
302 923 402 992 πάλιν
421 924 552 992 ἐκεῖθεν
571 923 678 993 ἐκάλει
705 921 780 1013 παρ’
810 924 943 1011 ἑαυτόν,
971 922 1126 994 οὔπωετλ

56 1029 222 1119 πρότερον
249 1029 449 1116 τεθεαμένος
475 1026 562 1116 πλην
590 1026 676 1111 ἅπαξ
693 1029 755 1119 μὲν
783 1031 820 1098 ἐν
838 1034 1072 1118 Καππαδοκίᾳ,

58 1132 146 1217 ἅπαξ
174 1135 212 1205 δέ
239 1136 277 1203 ἐν
301 1131 439 1225 Ἰταλία,
467 1131 719 1224 ἀγωνισαμένης
746 1133 929 1223 Εὐσεβίας,
958 1131 1003 1216 ὡς
1029 1131 1073 1203 άν

20 1277 44 1318 10
58 1237 145 1330 ὑπὲρ
171 1245 230 1330 τῆς
258 1246 422 1329 σωτηρίας
448 1243 507 1329 της
533 1244 680 1330 ἐμαυτοῦ
706 1242 923 1333 θαρρήσαιμι.
963 1247 1072 1310 καίτοι

57 1344 122 1436 τὴν
150 1344 256 1435 αὐτὴν
284 1343 374 1438 αὐτῷ
401 1346 500 1416 πόλιν
528 1349 561 1428 ἓξ
585 1345 703 1440 ᾤκησα
722 1351 850 1437 μηνῶν,
877 1350 933 1452 κοηὶ
960 1350 1074 1436 μέντοι

58 1453 118 1523 καὶ
154 1449 313 1541 δπέσχετό
350 1480 390 1540 με
426 1452 613 1521 θεάσεσθαι
644 1455 757 1525 πάλιν.
812 1452 884 1523 ἀλλ’
924 1450 942 1523 ὁ
979 1465 1075 1534 θεοῖς

60 1557 184 1649 ἐχθρὸς
216 1557 443 1649 ἀνδρόγυνος,
475 1555 493 1627 ό
522 1557 638 1640 πιστὸς
670 1556 777 1628 αὐτοῦ
809 1561 1074 1648 κατακοιμιστης,

60 1666 165 1735 ἔλαθέ
194 1693 260 1753 μου
292 1665 348 1734 καλ
380 1663 471 1734 άκων
504 1661 676 1755 εὐεργέτης
712 1665 903 1753 γενόμενος·
936 1662 979 1759 οὐ
1010 1664 1074 1755 γάρ

21 1807 45 1848 ιε
61 1780 179 1865 εἴασενν
201 1773 351 1861 ἐντυχεῖν
378 1798 418 1858 με
449 1770 606 1853 πολλάκις
638 1767 743 1864 αὐτῷ,
775 1768 877 1858 τυχὸν
904 1770 965 1859 μὲν
993 1767 1109 1842 οὐδέΒ

64 1880 228 1964 ἐθέλοντι,
255 1875 343 1966 πλην
370 1873 453 1945 άλλά
471 1874 508 1945 τὸ
527 1877 711 1965 κεφάλαιον
738 1878 864 1956 ἐκεῖνος
891 1868 947 1963 ἦν·
975 1874 1075 1946 όόκνει

60 1983 126 2073 γάρ
159 1980 203 2065 ὡς
235 1979 278 2052 διν
314 1983 358 2072 μη
393 2009 484 2064 τινος
516 1989 701 2071 συνηθείας
738 1983 958 2070 ἐγγενομένης
995 1978 1076 2069 ἡμῖν

60 2087 146 2179 πρὸς
173 2087 337 2178 ἀλλήλους
368 2095 477 2158 ἔπειτα
510 2086 723 2177 άγαπηθείην
754 2090 810 2158 καὶ
843 2085 959 2168 πιστὸς
993 2085 1075 2156 άνα-

62 2197 183 2284 φανεὶς
215 2198 429 2285 ἐπιτραπείην
459 2222 499 2264 τι.
548 2195 821 2284 παραγενόμενον
854 2194 895 2283 δή
932 2222 970 2283 με
1002 2193 1076 2263 τότε

23 2337 48 2376 ιο
61 2305 199 2394 πρῶτον
220 2299 292 2370 άπὸ
319 2304 378 2389 τῆς
401 2297 559 2383 Ἑλλάδος
586 2299 705 2371 αὐτίκα
733 2301 790 2370 διὰ
817 2304 885 2370 τῶν
912 2302 987 2390 περὶ
1014 2298 1076 2389 την

61 2414 248 2497 θεραπείαν
281 2405 454 2496 εὐνούχων
486 2403 506 2496 ἡ
540 2423 713 2496 μακαρῐτις
739 2405 888 2495 Εὐσεβία
916 2408 972 2476 καὶ
999 2414 1076 2476 λίαν

63 2517 329 2603 ἐφιλοφρονεῖτο.
375 2511 495 2603 μικρὸν
527 2513 564 2583 δὲ
595 2511 738 2603 ὕστερον
765 2513 967 2595 ἐπελθόντος
998 2515 1075 2583 τού-

62 2642 138 2689 του·
166 2621 223 2688 καὶ
250 2619 314 2708 γάρ
340 2647 391 2688 τοι
415 2620 470 2687 καὶ
497 2617 538 2688 τά
565 2621 640 2708 περὶ
659 2619 853 2689 Σιλουανὸν
879 2622 1111 2709 ἐπέπρακτοθ

64 2724 183 2794 λοιπὸν
219 2725 350 2806 εἴσοδός
381 2750 416 2793 τε
448 2730 495 2806 είς
526 2723 588 2813 τὴν
625 2721 731 2813 αὐλὴν
768 2729 913 2811 δίδοται,
950 2727 1006 2794 καὶ
1038 2723 1075 2793 τὸ

25 2863 50 2904 εε
64 2831 246 2920 λεγόμενον
290 2826 311 2918 η
359 2829 537 2919 Θετταλικά]
583 2831 813 2921 περιβάλλεται
857 2829 1076 2916 πειθαυάγκη.

65 2933 277 3029 άρνουμένου
305 2937 368 3026 γάρ
396 2964 462 3024 μου
489 2935 551 3025 τὴν
570 2942 757 3005 συνουσίαν
785 2938 925 3024 στερεάς
953 2938 1077 3017 ἐντοῖς

64 3049 260 3130 βασιλείοις,
298 3047 334 3110 οί
362 3041 423 3131 μὲν
455 3039 565 3131 ὥσπερ
603 3045 640 3110 ἐν
676 3048 818 3132 κουρείφ
855 3040 1078 3122 συνελθόντες

133 3261 150 3309 4
167 3252 219 3309 τὸν
238 3248 403 3308 Σιλουανόν
421 3245 499 3324 αὐτῷ
519 3250 658 3322 πολέμιον
671 3255 801 3306 Valesius
816 3255 835 3307 1.
848 3250 878 3321 L]
898 3252 950 3305 τοῦ
968 3252 1079 3306 Νείλου

64 3317 121 3398 κᾷν
142 3323 210 3389 (ναδ
228 3323 263 3389 V)
282 3315 313 3375 ἐν
332 3316 410 3392 αὐτῷ
428 3320 554 3389 πόλεμον
624 3314 792 3400 λοόπωῇί]
812 3317 846 3372 οό
917 3325 948 3372 10
966 3316 1078 3387 θαρσή-
1166 3312 1169 3327 '

65 3408 148 3459 οαιμι
166 3393 191 3442 V
262 3394 292 3442 11
311 3389 410 3458 μηνῶν
427 3387 464 3456 V]
481 3389 576 3456 μῆνας
646 3392 677 3440 12
695 3386 952 3455 θεασεοθαιῦοο.]
969 3387 1078 3441 θεάσα-

65 3460 138 3512 σθαι
227 3461 258 3510 16
281 3452 377 3510 ἐκεῖνο
401 3458 462 3510 Pet.
481 3463 509 3508 et
526 3458 593 3511 Rsk.
680 3460 711 3508 21
731 3456 925 3523 μακαρίτιςῩ
994 3459 1028 3508 24
1046 3449 1079 3510 τό

67 3521 169 3580 λοιπὸν
187 3527 284 3592 spanh.

119 3618 257 3686 Iulianus}
280 3630 282 3634 ·
732 3662 737 3671 ,
833 3615 870 3664 ‘23
1000 3645 1035 3649 ψ
