2446 3870
475 150 610 201 οεαιιο
629 152 675 206 1v,
1022 153 1082 215 195

68 273 238 366 οὐρανίων
265 278 372 362 θεάν,
405 278 460 345 καί
488 279 546 364 της
578 273 740 367 ἁρμονίας
768 276 883 347 αύτύν
909 285 957 348 ἐτι
985 287 1082 367 φιλία

67 385 124 452 καὶ
155 385 282 463 ἔντασις.
330 378 445 451 Ἡλίου
478 380 542 472 γάρ
575 383 675 471 ἐγγύς
708 376 795 454 ούσα
833 387 889 454 καὶ
923 405 1080 477 συμπερι-

66 492 195 558 θέουσα
232 490 289 558 καὶ
324 489 553 577 πλησιάζουσα
584 499 708 580 πληροῖ
741 490 803 578 μὲν
834 490 895 560 τὸν
931 489 1082 582 ούρανὸν

67 593 259 686 εὐκρασίας,
296 597 455 665 ἐνδίδωσι
488 594 525 664 δὲ
557 594 596 666 τὸ
624 597 766 686 γόνιμον
798 601 838 687 τῇ
866 601 925 687 γῇ,
956 625 1082 689 προμη-

38 692 218 792 εθουμένη
245 703 302 771 καὶ
329 699 414 789 αύτὴ
447 705 506 790 της
533 699 738 789 άειγενεσίας
763 707 833 774 τῶν
861 704 968 796 ζῴων,
996 697 1036 792 ἦς
1063 701 1081 773 ὁ

65 811 127 898 μὲν
163 806 320 897 βασιλεύς
348 806 462 890 Ἥλιος
498 814 565 896 ἐχει
600 808 663 897 τὴν
698 809 919 902 πρωτουργὸν
960 817 1081 898 αἰτίαν,

63 913 242 1007 Ἀφροδίτη
277 913 313 983 δέ
341 911 432 1007 αύτῷ
460 922 646 1002 συναίτιος,
678 913 699 1005 ἡ
731 919 903 1002 θέλγουσα
934 917 996 1004 μὲν
1022 915 1116 998 tango

65 1022 174 1111 ψυχὰς
205 1017 302 1110 ἡμῶν
333 1019 400 1090 σύν
432 1018 644 1112 εὐφροσύνῃ,
675 1025 936 1110 καταπέμπουσα
969 1022 1007 1091 δέ
1034 1029 1082 1106 είς

66 1133 130 1218 γῆν
158 1130 191 1210 ἐξ
220 1130 357 1219 αίθέρος
384 1125 491 1214 αύγάς
518 1123 658 1216 ἡδίστας
684 1130 741 1198 καὶ
768 1126 957 1219 ἀκηράτους
975 1127 1082 1198 αύτού

24 1238 127 1305 10τοῦ
158 1242 301 1325 χρυσίου
333 1237 575 1324 στιλπνοτέρας.
626 1241 674 1303 ἐτι
706 1236 879 1326 μετριάσαι
915 1235 1082 1323 βούλομαι

65 1346 123 1430 τῆς
151 1348 321 1411 Φοινίκων
352 1347 542 1428 θεολογίας
574 1347 607 1409 εί
632 1340 669 1410 δέ
701 1340 745 1430 μὴ
778 1342 902 1431 μάτην,
935 1337 953 1411 ὁ
982 1342 1082 1429 λόγος

66 1446 195 1539 προϊὼν
223 1450 332 1530 δείξει.
374 1452 410 1517 οί
433 1445 495 1536 τὴν
519 1445 685 1517 Ἔδεσσαν
713 1452 899 1536 οἰκοῦντες,
928 1446 1021 1535 ἱερὸν
1048 1450 1081 1530 ἐξ

66 1557 190 1635 αίύνος
222 1551 338 1624 Ἡλίου
374 1560 514 1643 χωρίον,
545 1555 705 1643 Μόνιμον
742 1552 832 1647 αὐτῷ
869 1556 926 1623 καὶ
953 1552 1082 1637 ’Ἄζιζον

66 1661 389 1749 συγκαθιδρύουσιν.
427 1666 640 1730 αἰνίττεσθαί
655 1682 761 1750 φησιν
777 1659 970 1749 Ἰάμβλιχος,
997 1657 1115 1750 παρἸ)

22 1759 110 1837 15ού
136 1769 192 1836 καὶ
222 1759 322 1835 τᾶλλα
349 1766 456 1837 πάντα
485 1769 521 1835 ἐκ
547 1770 681 1836 πολλῶν
707 1765 808 1858 μικρά
836 1767 1007 1854 ἐλάβομεν,
1036 1762 1081 1847 ὡς
1143 1788 1145 1791 ’

66 1871 84 1943 ὁ
114 1874 270 1962 Μόνιμος
295 1873 358 1962 μὲν
382 1870 501 1963 Ἑρμῆς
529 1882 595 1962 είη,
620 1871 741 1969 ’Ἇζιζης
768 1873 806 1942 δὲ
825 1870 941 1961 Ἄρης,
965 1869 1080 1941 Ἡλίου

64 1981 237 2070 πάρεδροι,
264 1978 370 2049 πολλὰ
397 1980 452 2049 καλ
481 1976 595 2065 ιἰγαθδι
613 1982 659 2071 τῷ
682 1981 757 2069 περὶ
785 1981 850 2066 γῆν
868 1978 1079 2065 ἐποχετεύον-

64 2114 118 2168 τες
144 2087 244 2179 τόπφ.

149 2210 197 2280 Τὰ
229 2211 290 2298 μὲν
318 2203 381 2279 οὖν
412 2212 487 2302 περὶ
514 2207 576 2279 τὸν
608 2206 758 2300 ούρανόυ
790 2215 870 2298 ἔργα
902 2210 963 2276 τοῦ
994 2209 1080 2276 θεού

20 2342 48 2380 ιο
63 2317 202 2386 τοιαύτά
222 2320 300 2404 ἐστι,
327 2319 384 2385 καὶ
402 2314 459 2385 διὰ
485 2316 616 2385 τούτων
634 2315 869 2404 ἐπιτελούμενα
896 2317 990 2403 μέχρι
1012 2316 1081 2381 τῶν

62 2427 121 2512 τῆς
149 2427 210 2511 γῆς
236 2423 374 2513 προήκει
401 2430 599 2492 τελευταίων
632 2419 734 2513 ὅρων·
769 2419 831 2491 ὅσα
859 2421 897 2489 δὲ
924 2415 990 2488 ύπὸ
1019 2416 1080 2508 τὴν

62 2529 220 2618 Σελήνην
253 2529 434 2620 ἐργάζεται,
466 2526 596 2619 μακρὸν
628 2525 671 2598 άν
703 2539 753 2616 εἴη
787 2526 828 2596 τά
859 2527 967 2596 πάντα
996 2522 1079 2594 άπα-

63 2646 271 2726 ριθμεῑσθαι.
312 2634 400 2726 πλὴν
419 2630 463 2716 ὥς
491 2638 529 2703 ἐν
555 2641 726 2727 κεφαλαίῳ
744 2636 800 2703 καὶ
827 2636 932 2703 ταῦτα
951 2634 1079 2721 ῥητέον.
1199 2649 1201 2652 ’

63 2740 142 2811 οίδα
169 2743 231 2831 μὲν
249 2733 312 2811 οὖν
339 2748 442 2830 ἔγωγε
461 2744 517 2811 καὶ
539 2742 703 2832 πρότερον
721 2739 966 2830 μνημονεύσας,
990 2735 1127 2826 ὅπη-151

20 2873 47 2912 25
62 2854 140 2917 νίκα
169 2845 287 2936 ἠξίουν
316 2851 351 2917 ἐκ
378 2851 447 2917 τῶν
473 2850 690 2936 φαινομένων
708 2845 748 2916 τά
777 2843 892 2935 άφανῆ
919 2846 994 2933 περὶ
1020 2846 1080 2931 τῆς

62 2958 125 3023 τού
150 2957 237 3024 θεοῦ
265 2969 402 3024 σκοπεῖν
430 2951 555 3042 ούσίας,
585 2950 721 3041 ὁλόγος
749 2953 785 3022 δὲ
804 2951 938 3022 ἀπαιτεῖ
957 2977 995 3037 με
1023 2949 1078 3018 καὶ

63 3064 128 3129 νῦν
156 3063 193 3129 ἐν
220 3060 309 3142 τάξει
336 3062 411 3151 περὶ
439 3058 552 3129 αύτῶν
579 3063 737 3149 δηλῶσαι.

132 3315 225 3386 Ιέτι]
243 3313 303 3371 ἐστι
320 3319 384 3370 libri
452 3321 537 3371 8ελ9
562 3313 605 3378 είς
627 3315 684 3384 γῆν
705 3313 780 3380 libri]
807 3310 849 3374 είς
867 3305 920 3379 τὴν
939 3309 994 3378 γῆν
1047 3313 1079 3363 10

63 3386 114 3439 τού
132 3405 183 3444 om
202 3388 268 3439 libri
299 3385 304 3451 Ι
331 3381 374 3438 ἐτι
391 3377 554 3452 μετριάσαι]
577 3381 618 3437 ἔτι
636 3377 824 3451 ἐπιμετρῆσαι
843 3382 870 3431 Η
945 3384 977 3431 12
994 3371 1078 3444 Ἔμε·

63 3470 117 3507 σαν
140 3454 262 3519 conjecit
285 3454 467 3519 spanhemius
490 3459 517 3504 et
534 3453 561 3504 h.
580 3453 598 3509 1.
622 3457 650 3504 et
671 3450 817 3519 p.15413,
843 3444 948 3501 ἔδεσαν
970 3447 1079 3501 MbEF

63 3526 97 3575 20
114 3519 225 3576 τούτων
244 3520 366 3586 MbEF]
384 3514 523 3573 τοιούτων

818 3603 875 3660 λδ*
