2416 3864
432 156 565 210 οεεειο
584 158 645 214 vn.
953 234 954 237 ρ
978 161 1040 225 291

21 297 89 352 θεν
126 279 144 352 ό
178 280 439 372 Ἀσκληπιάδης,
470 283 545 353 εἶτα
583 280 601 355 ό
639 287 871 375 Σερηνιανός,
913 288 984 358 εἶτα
1020 287 1039 361 ό

22 389 179 479 Χότροον,
207 389 277 459 εἶτα
306 387 368 459 οὐκ
396 388 474 459 οἰδα
492 391 672 481 παιδάριον
701 386 798 483 (3,)τι
826 393 957 474 ξανθόν
983 399 1039 466 καὶ

21 493 174 585 εόμηκες,
202 495 272 565 εἶτα
291 496 344 583 σύ,
371 498 427 566 καὶ
446 493 522 584 μεθ’
552 493 649 586 ὑμῶν
676 496 769 568 ἄλλοι
794 501 847 581 δίς
872 503 1038 571 τοσοῦτοι.

20 609 56 672 τί
81 593 145 672 οὖν
173 605 209 672 έκ
236 605 293 691 τῆς
320 598 479 694 ὑμετέρας
506 600 634 673 ἀνόδου
667 607 807 692 γέγονεν
833 602 982 693 ἀγαθόν,
1011 600 1038 676 τό

20 712 157 802 λῷστοι;
185 713 236 790 τίς
251 706 378 800 ᾔσθετο
397 710 492 791 πόλις
519 705 539 798 ἢ
559 716 609 792 τίς
637 711 772 799 ἰδιάτης
793 715 852 800 τῆς
880 708 1038 803 ὑμετέρας

19 822 222 907 παρρησίας;
256 813 318 886 οὐκ
349 813 508 906 ἀφρόνως
538 816 600 904 μὲν
635 815 673 886 τὸ
707 820 739 898 ἐξ
772 815 875 906 ἀρχης
906 824 1037 889 εἵλεσθε

19 921 83 1012 τὴν
108 923 163 1012 ίτιί
190 920 251 992 τὸν
282 919 365 992 οὐδὲ
397 927 484 992 ίδιίν
515 917 602 1011 ὑμᾶς
628 925 783 992 θέλοντα
805 927 944 1011 βασιλέα
976 948 1036 996 πο-

19 1035 125 1120 ρείαν,
153 1026 355 1111 ἀνελθόντες
383 1029 419 1098 δὲ
438 1026 686 1119 ἀφρονέστερον
714 1027 799 1120 αὐτῇ
824 1032 882 1104 ,καί
910 1028 1035 1118 ἀμαθέ-

19 1158 140 1226 στερον
167 1137 222 1205 καὶ
249 1136 516 1226 μανιωδέστερον
544 1137 746 1225 ἐχρήσασθε,
772 1133 1035 1220 κολακεύσαντες

20 1241 89 1331 ἅμα
117 1244 173 1311 καὶ
201 1238 443 1330 δλακτήσαντες
470 1244 526 1311 καί
554 1249 669 1331 βιβλία
701 1243 817 1324 δόντες
843 1244 899 1312 καί
925 1247 1088 1312 ταῦταενσ

19 1351 213 1438 πραχθῆναι
231 1348 572 1440 προσλιπαρήσαντεςς
600 1346 724 1418 οὐδένα
742 1345 840 1438 ὑμῶν
859 1347 951 1437 οἶμαι
970 1351 1033 1437 ἐγὼ

19 1455 217 1537 τοσαυτάκις
244 1461 291 1536 είς
318 1455 510 1543 φιλοσόφου
529 1458 698 1543 φοιτῆσαι,
726 1451 842 1536 ὁσάκις
869 1461 916 1536 εἰς
943 1453 1034 1525 ἀντι-

18 1564 189 1652 γραφέως,
227 1559 311 1629 ὥστε
342 1557 425 1649 ὑμῖν
454 1558 651 1649 Ἀκαδημεια
688 1562 743 1630 καὶ
776 1562 922 1631 Λύκειον
958 1559 1033 1631 ἀντὶ

19 1671 75 1755 τῆς
103 1673 264 1754 Ποικίλης
281 1692 316 1735 τε
345 1658 386 1755 ἦν
404 1669 472 1736 τῶν
499 1672 677 1752 βασιλείων
703 1665 744 1734 τά
767 1667 934 1758 πρόθυρα.
971 1666 1034 1737 οάκ

20 1771 159 1854 ἀπάξετε
185 1775 305 1856 ταῦτας
334 1770 376 1842 οὐ
403 1779 617 1862 καταβαλεῖτε
639 1775 706 1841 νῦν
733 1776 829 1860 γοῦν,
858 1778 890 1841 εἰ
913 1773 1033 1864 καὶμὴ

19 1880 192 1969 πρότερον,
220 1877 275 1949 ὅτε
302 1875 383 1968 ὑμῖν
403 1876 505 1948 οὐδέν
532 1882 601 1947 ἐστι
624 1880 726 1948 πλέον
754 1876 818 1947 ἀπὸ
846 1882 904 1966 τῆς
929 1880 1034 1968 κόμης

19 1987 73 2055 καί
107 1988 164 2072 τῆς
196 1991 390 2075 βακτηρίας;
422 1988 492 2067 ’πῶς
519 1985 557 2054 δὲ
588 1987 644 2053 καὶ
676 1986 814 2072 μέμονεν
846 1980 907 2072 ἀφ’
937 1981 1034 2072 ὑμῶν

19 2088 310 2181 εὐκαταφρόνητος
349 2087 370 2179 ἡ
412 2095 616 2179 φιλοσοφίας
657 2093 725 2159 τῶν
771 2093 958 2181 ῥητορικῶν
999 2095 1073 2160 οἰΒ

19 2199 287 2286 δυσμαθέστατοι
323 2200 378 2266 καί
416 2195 491 2267 οὐδ’
530 2193 588 2266 ὑπ’
628 2194 831 2266 αὐτοῦτοῦ
872 2197 1033 2284 βασιλέως

19 2301 138 2393 Ερμοῦ
155 2332 217 2393 την
236 2306 385 2391 γλῶτταν
403 2306 659 2433 ίκκαθαρθηναι
679 2300 873 2391 δυνάμενοι,
901 2331 1031 2433 ηρενω-

19 2414 120 2499 θῆναι
158 2410 196 2479 δὲ
232 2407 314 2479 οὐδὲ
353 2409 437 2499 πρὸς
472 2407 574 2499 αὐτης
609 2413 669 2498 τῆς
702 2407 847 2497 Ἀθηνᾶς
884 2409 949 2479 σὺν
985 2414 1031 2502 τῷ

19 2517 134 2646 Ερμη,
174 2543 273 2584 τουτο
311 2520 347 2585 ἐκ
382 2519 440 2604 τῆς
476 2513 639 2606 ἀγοραίου
680 2518 736 2585 καὶ
775 2515 1032 2607 περιτρεχούσης

19 2619 223 2712 ἁρπάσαντες
256 2624 450 2713 ίντρεχείας
484 2619 629 2691 οὐδὲ
592 2650 657 2750 γαρ
685 2625 722 2691 ἐν
749 2629 912 2713 παροιμία
939 2648 1030 2713 περι-

19 2728 203 2819 φερόμενον
240 2725 322 2797 αάτο
360 2726 585 2815 γιγνώσκουσι
620 2726 657 2797 τό
697 2725 747 2796 ότι
789 2728 912 2817 βότρυς
948 2727 1032 2817 πρὸς

19 2834 142 2924 βότρυν
160 2841 365 2904 πεπαίνεται·
385 2830 534 2924 ὁρμῶσιν
553 2835 606 2903 ἐπὶ
620 2831 685 2902 *τὸν
698 2834 889 2923 Κυνισμόν·
908 2841 1029 2921 βακτη-

19 2946 80 3029 ρία,
107 2946 244 3030 τρίβων,
263 2940 360 3030 κόμη,
386 2939 425 3010 τὸ
444 2943 604 3009 ἐντεῦθεν
622 2937 763 3029 ἀμαθία,
790 2939 931 3030 θράσος,
945 2989 947 2993 «
960 2944 1028 3006 ίτα-

97 3204 191 3280 23,u
210 3216 246 3283 Η]
265 3234 293 3269 τι
376 3220 406 3267 11
425 3212 651 3284 πραχθῆναι],,
657 3217 732 3266 Fert.
750 3210 964 3304 προσαχθῆναι,
983 3216 1028 3264 im·

19 3297 132 3346 ιεναιονί
148 3295 276 3358 exhiberi,
294 3295 375 3355 tradi,
394 3295 429 3344 ad
446 3310 499 3344 eum
517 3292 646 3357 δαίονται*
664 3292 730 3346 Rsk.
801 3293 833 3343 13
854 3283 1028 3356 Ἀκαδήμεια

19 3367 46 3435 ff]
63 3361 223 3436 Ἀκαδημία
310 3372 341 3420 16
366 3364 427 3421 ἔστι
445 3367 508 3420 add.
525 3370 550 3419 V
637 3370 668 3419 17
690 3361 769 3456 ὑμῶν
787 3361 862 3432 V]
845 3383 925 3433 ημοιν
995 3369 1028 3416 20

19 3444 206 3512 νρεναθηναι
236 3445 269 3512 V]
300 3445 513 3512 φανερωθηναι
599 3447 631 3495 26
660 3435 784 3508 θράσος,
815 3435 953 3508 ἰταμότης
983 3440 1025 3506 H]

19 3515 124 3588 θράσος
145 3559 239 3577 ......
245 3541 295 3589 της
313 3523 346 3586 V,
363 3514 522 3588 θράσος..
533 3521 721 3587 .spanh,..
732 3525 835 3586 Utpe.

763 3605 820 3661 λθ*
