2408 3856
134 160 176 225 42
282 186 285 193 ·
436 161 579 213 IULIANI
601 161 847 214 IMPERATORIS

74 354 75 357 ,
123 295 208 370 δεῖν
236 292 429 378 φροντίδος·
463 284 550 357 ούτω
579 307 633 356 σοι
664 285 705 355 τδι
731 285 829 357 κοινά
860 286 925 378 πρὸ
953 291 1020 357 τῶν
1049 288 1150 358 ἰδίων
1190 291 1202 365 ’ξ

135 396 228 477 ἔδοξε
255 396 311 462 καί
339 400 433 463 δοκεῖ
456 401 556 480 τίμια.
1194 478 1200 483 ⁵

78 520 117 569 34
214 499 367 590 Πότερον
394 490 458 568 οὖν
484 497 546 589 χρὴ
573 502 642 570 τῶν
664 497 879 588 ἀδικημάτων
905 495 1065 568 ἁπάντων
1093 528 1149 588 με-

134 610 284 694 μνῆσθαι
313 596 361 674 ῶν
387 631 422 674 τε
440 611 487 685 εἰς
512 603 688 675 τὸκοινόν
714 607 772 674 καί
794 602 865 673 κατ’
897 610 989 674 ἰδίαν
1017 610 1148 695 ἔδρασε,
1190 630 1195 670 ὲ

134 719 265 793 κτείνας
291 711 353 799 μέν
379 709 440 780 τὸν
467 707 569 792 αὐτὸς
595 707 702 780 αὑτοῦ
725 710 902 799 δεσπότην·
931 708 1147 795 ἀνδράποδον
1161 736 1195 789 τε]

134 816 199 907 γάρ
230 809 274 906 ἦν
305 820 374 886 τῶν
401 820 531 886 ἐκείνου
558 817 753 907 προγόνων,
784 820 842 904 τῆς
869 813 934 885 ἀπὸ
964 821 1149 907 Γερμανῶν

134 929 223 1005 λείας
255 930 416 1005 λείψανον
449 923 610 1012 δυστυχές
646 923 923 1014 περισωζόμενον·
962 920 1078 1012 ἀρχειν
1110 923 1148 992 δὲ
1184 942 1197 987 2

134 1025 230 1117 ἡμῶν
258 1031 442 1119 ἐπιχειρῶν,
471 1020 498 1121 ᾦ
525 1028 609 1118 μηδὲ
628 1027 794 1121 ἐλευθέρῳ
822 1031 993 1116 προσηκον
1019 1020 1064 1116 ἦν
1091 1056 1148 1098 νο·
1170 1036 1196 1083 ³:

134 1138 297 1224 μισθῆναι
334 1133 378 1223 μὴ
415 1137 515 1203 τοῦτο
551 1132 630 1224 παρ’
665 1131 761 1221 ὑμῶν
797 1133 946 1221 λαβόντι·
983 1135 1040 1202 καὶ
1074 1129 1147 1224 (ὡς)
1197 1132 1201 1214 ζ

134 1239 214 1321 τούς
246 1242 298 1308 έπί
330 1243 391 1309 τοῦ
424 1241 650 1329 στρατοπέδου
687 1242 822 1321 ξυνδῶν
857 1241 912 1309 καί
945 1236 1148 1321 ἀποκτιννύς
1161 1239 1197 1316 τί

134 1346 190 1413 καί
218 1344 392 1414 δουλεύων
419 1348 563 1433 αἰσχρῶς
581 1349 627 1436 τῷ
654 1345 775 1434 πλήθει
794 1348 849 1414 καὶ
876 1345 1068 1415 κολακεύων
1086 1343 1149 1433 τὴν

93 1447 291 1531 Βεύταξίαν
328 1453 512 1539 διέφθειρε·
553 1453 609 1520 καί
646 1448 691 1532 ῶς
726 1448 805 1532 τοὺς
840 1448 964 1531 καλούς
1000 1454 1150 1546 ἐκείνους

31 1594 33 1596 ·
136 1559 239 1626 έτίθει
257 1557 394 1645 νόμους,
421 1555 484 1646 τὴν
501 1553 656 1645 ἡμίσειαν
679 1559 857 1646 εἰσφέρειν,
884 1555 1037 1626 θάνατον
1056 1554 1150 1626 άπειε

135 1665 205 1731 λῶν
235 1677 305 1744 τοῖς
338 1660 531 1748 ἀπειθοῦσι,
568 1661 718 1751 μηνυτὰς
750 1662 787 1730 δέ
814 1661 901 1732 εἶναι
933 1661 993 1732 τὸν
1026 1662 1149 1749 βουλό-

135 1794 238 1855 μενον
264 1771 332 1837 τῶν
360 1772 509 1838 οἰκετῶν·
541 1770 597 1837 καὶ
626 1766 715 1848 ὅπως
749 1765 913 1855 ἠνάγκαζε
939 1767 1019 1848 τοὺς
1047 1765 1149 1837 ούδδν
1162 1791 1202 1836 ιε’

136 1876 317 1961 δεομένους
343 1872 384 1942 τά
415 1871 569 1962 βασιλικά
601 1874 749 1963 κτήματα
776 1881 955 1962 πρίασθαι;
989 1876 1150 1956 ἐπιλείψει
1200 1890 1202 1970 J

136 2007 176 2067 με
211 1978 367 2051 τάκείνου
403 1981 629 2070 διηγούμενον
662 1976 679 2049 ὁ
712 1980 834 2071 χρόνος
869 1977 1057 2067 ἀδικήματα
1093 1980 1149 2048 καί

135 2090 194 2174 τῆς
220 2093 421 2178 τυραννίδος
447 2091 504 2175 της
531 2086 783 2174 καταλαβούσης
808 2084 845 2155 τὸ
874 2088 1024 2173 μέγεθος.
1066 2082 1150 2154 ἀλλὰ
1187 2148 1202 2155 ,.

135 2195 194 2278 τῆς
224 2195 436 2281 παρασκευῆς
467 2195 526 2279 τῆς
557 2194 590 2271 ές
621 2190 681 2261 τὸν
712 2192 873 2278 πόλεμον,
909 2188 954 2279 ἣν
985 2187 1148 2279 κατέβαλε
1198 2192 1201 2193 ’

94 2295 197 2382 Ομδν
225 2297 277 2364 έπί
295 2294 374 2376 τούς
392 2296 594 2384 βαρβάρους,
622 2295 782 2384 ἐχρήσατο
811 2297 848 2365 δέ
876 2293 930 2384 ἐφ’
959 2293 1057 2384 ἡμάς,
1085 2295 1188 2384 τὴνω

137 2398 235 2487 ἰσχύν
261 2407 312 2482 τίς
344 2396 416 2490 (ἀν)
449 2398 548 2481 ἀξίως
579 2401 814 2489 παραστησειε;
847 2403 966 2472 Κελτοὶ
998 2402 1055 2470 καὶ
1084 2409 1150 2472 Γα-

134 2505 242 2592 λάται,
270 2512 355 2594 ἔθνη
374 2507 430 2574 καί
457 2521 527 2587 τοῖς
544 2506 645 2575 πάλαι
665 2509 814 2593 φανέντα
838 2507 1149 2594 δνσανταψῶνιστα,

135 2610 293 2692 πολλάκις
319 2611 381 2699 μέν
408 2610 650 2703 έπιρρεύσαντα
668 2613 821 2704 καθάπερ
839 2613 1039 2703 χειμάρρους
1067 2609 1149 2682 ἀνυ-

135 2716 298 2797 πόστατος
336 2714 471 2798 Ἰταλοῖς
510 2719 566 2787 καί
600 2716 785 2808 Ἰλλυριοῖς,
822 2717 887 2807 ἤδη
926 2719 963 2786 δὲ
999 2720 1055 2787 καὶ
1092 2721 1150 2806 τῆς

133 2819 242 2903 Ἀσίας
278 2819 432 2911 ἁψάμενα
467 2827 513 2916 τῷ
544 2839 679 2914 κρατεῖν
714 2838 784 2905 τοῖς
820 2825 973 2905 ένόπλοις
1009 2821 1149 2962 ἀγῶσιν,
1163 2852 1188 2892 ετ

202 3049 219 3098 2
237 3041 320 3128 ἔδοξε
338 3046 447 3098 Schaef
449 3047 459 3114 ]
478 3042 584 3110 ἔδοξαν
652 3042 729 3108 4εἰς
748 3046 783 3114 V]
802 3039 839 3107 ἐς.
874 3047 1027 3099 Schaefero
1046 3049 1152 3099 rectius

134 3101 285 3165 videtur
266 3131 307 3166 ων
331 3112 373 3174 είς
395 3130 434 3165 τε.
470 3114 532 3166 Vid.
556 3114 591 3164 οδ
615 3114 677 3165 700
747 3109 836 3167 5τδν
855 3109 944 3174 αύτδς
962 3107 1055 3167 αύτού
1074 3114 1099 3164 V
1123 3120 1151 3165 et

135 3179 235 3232 Suidas
261 3198 287 3234 v.
326 3173 528 3248 πειθανάχκη,
559 3173 646 3241 αύτδς
674 3172 726 3233 τόν
755 3174 846 3235 αὑτοῦ
862 3198 881 3233 v
956 3186 972 3233 9
1002 3175 1083 3248 ὑμῶν
1111 3180 1150 3248 V]

134 3241 218 3313 ημῶν
243 3243 302 3311 Ιως
320 3249 384 3300 εδδ.
401 3250 436 3312 H,
455 3250 522 3302 Rsk
541 3254 604 3314 post
622 3244 789 3302 κολακεύων
807 3251 872 3300 addi
889 3249 978 3301 voluit
1048 3252 1081 3301 10
1098 3250 1151 3300 τοῦ

135 3313 333 3381 στρατοπέδου
354 3314 397 3382 Η]
425 3315 463 3386 τῷ
489 3314 672 3387 στρατοπέδῳ
699 3316 704 3381 Ι
729 3315 849 3444 χυνδῶν
871 3315 911 3383 Η]
942 3313 1079 3397 ξυνδόων.
1114 3316 1150 3367 cf.

136 3382 172 3432 εδ
199 3383 280 3434 3640
352 3386 383 3435 16
399 3372 554 3463 μρὶᾶτθαι
576 3384 601 3435 V
675 3388 706 3436 19
775 3381 811 3451 V]
845 3381 886 3444 εἰς
912 3386 916 3448 Ι
943 3378 1085 3450 κατέβαλε
1109 3381 1150 3451 Μ]

135 3445 281 3567 κρὲτξλέβὶ
318 3454 377 3568 f21
397 3439 434 3504 ἀν
450 3452 606 3503 addendum
624 3466 685 3502 εεοε
708 3457 757 3503 aut
774 3449 952 3519 παραστήσει
975 3452 1153 3504 scribendum

136 3531 162 3566 τι
182 3533 192 3564 ι
248 3533 262 3567 ο
283 3532 317 3568 ae
