2446 3870
140 167 204 233 232
429 170 585 222 mmm
607 169 856 221 ιιοοοετοκιε

141 295 229 366 οὕτω
248 294 355 384 παχὺς
373 294 435 382 τὴν
453 296 576 385 ψυχήν,
591 292 629 377 δς
647 294 690 364 οὐ
707 301 877 384 συνίησιν,
896 293 946 366 ότι
966 294 1012 366 δι’
1034 293 1159 386 Ἑρμού

140 403 202 492 μὲν
229 404 284 472 καὶ
311 399 509 490 Ἀφροδίτης
536 399 747 470 ἀνακαλεῖται
780 402 889 471 πάντα
915 406 1089 491 πανταχοῦ
1116 402 1158 473 τά

140 513 199 597 τῆς
226 510 385 596 γενέσεως
418 514 535 596 ἔχοντα
562 507 599 577 τό
632 511 729 577 ἕνεκα
756 512 819 577 τοῦ
849 508 957 596 πάντη
989 511 1045 578 καὶ
1072 505 1158 578 πάν-

141 643 221 702 τως,
254 611 273 684 ὃ
305 617 367 684 τού
399 613 504 701 λόγου
541 614 683 702 μάλιστα
720 615 810 683 ἴδιόν
846 617 951 697 ἐστιν;
979 612 1088 696 ’Ἀττις
1121 615 1159 685 δέ

142 719 204 810 οὐχ
237 711 335 802 οὐτός
368 722 459 789 ἐστιν
491 716 509 789 ό
541 724 647 813 μικρῷ
679 721 830 810 πρόσθεν
857 718 994 810 άφρων,
1025 723 1092 790 νῦν
1120 721 1185 792 δέε

143 825 279 897 ἀκούων
306 824 363 896 διὰ
380 825 443 915 τὴν
461 824 603 916 ἐκτομὴν
630 827 752 914 σοφός;
780 823 901 917 ἄφρων
927 826 989 914 μέν
1016 824 1069 896 ότι
1095 826 1159 915 τὴν

142 931 228 1022 ὐλην
260 937 363 1002 είλετο
395 935 452 1002 καὶ
474 931 541 1023 ’τὴν
573 935 706 1019 γένεσιν
733 932 954 1023 ἐπιτροπεύει,
986 931 1093 1020 σοφὸς
1120 933 1158 1003 δὲ

99 1038 194 1109 Βότι
221 1038 258 1109 τό
292 1039 465 1127 σκύβαλον
491 1042 591 1109 τοῦτο
624 1045 672 1121 εἰς
698 1039 818 1121 κάλλος
850 1039 1011 1127 ἐκόσμησε
1037 1042 1158 1108 τοσοῦ·

142 1174 202 1216 τον
229 1147 284 1216 καὶ
312 1148 524 1234 μετέστησεν,
552 1143 635 1215 ὅσον
663 1142 793 1232 οὐδεμί’
822 1141 866 1213 άν
892 1144 1069 1233 μιμήσαιτο
1098 1143 1158 1214 ἀν·

140 1253 291 1342 θράπων
328 1254 425 1339 τέχνη
463 1252 519 1319 καὶ
552 1250 694 1331 σύνεσις.
744 1248 828 1321 ἀλλά
864 1258 900 1320 τί
927 1253 1030 1339 πέρας
1066 1256 1158 1320 ἐσται
1172 1276 1197 1316 ιο

260 1360 274 1374 .
356 1357 364 1379 ι
949 1357 957 1378 ,
1055 1353 1073 1377 0

139 1466 239 1544 θενεῖς

216 1560 257 1636 Ὦ
283 1571 377 1638 θεῶν
409 1569 465 1636 καὶ
492 1565 686 1659 ἀνθρώπων
717 1572 833 1657 μῆτερ,
866 1560 894 1636 ὦ
920 1571 982 1638 τοῦ
1009 1552 1158 1656 μεγάλου
1205 1656 1208 1661 y

141 1675 297 1744 σύνθωκε
328 1675 386 1744 καὶ
418 1674 591 1764 σύνθρονε
618 1675 716 1761 Διός,
750 1664 776 1743 ὦ
803 1673 893 1763 πηγὴ
926 1677 994 1743 τῶν
1027 1679 1158 1765 νοερῶν

140 1783 247 1869 θεῶν,
282 1772 308 1851 ά
340 1783 408 1850 τάν
436 1784 569 1870 νοητῶν
599 1795 671 1862 ταῖς
703 1778 880 1870 ἀχράντοις
911 1778 1044 1861 οὐσίαις
1076 1802 1157 1851 ουν-
1171 1803 1195 1846 ιι

141 1891 316 1977 δραμοῦσα
349 1889 404 1956 καὶ
435 1885 499 1976 τὴν
530 1885 649 1976 κοινὴν
681 1890 716 1957 ἐκ
747 1886 884 1957 πάντων
911 1891 1024 1955 αἰτίαν
1050 1913 1158 1978 παρα-

89 1997 308 2083 ιεοδεξαμένη
337 1996 392 2064 καὶ
424 2009 495 2075 τοῖς
531 2009 663 2092 νοεροῖς
693 1995 876 2063 ἐνδιδοῦσα
914 1991 1056 2079 ζωογόνε
1092 1992 1158 2064 θεά

141 2103 196 2170 καὶ
234 2105 329 2191 μῆτις
366 2102 422 2170 καὶ
458 2100 602 2191 πρόνοια
639 2102 694 2170 καὶ
729 2102 798 2169 τῶν
833 2095 1002 2188 ἡμετέρων
1038 2103 1158 2188 ψυχῶν

141 2198 391 2296 δημιουργίςιό
418 2203 479 2275 τόν
506 2207 611 2293 μίχαν
630 2205 806 2275 Διόνυσον
832 2201 995 2292 ἀγαπῶσα
1022 2203 1158 2276 καὶτὸν

132 2310 245 2380 ’Ἄττιν
277 2311 453 2380 ἐκτεθέντα
480 2312 732 2401 περισωσαμένη
765 2313 820 2381 καὶ
847 2310 949 2381 πάλιν
976 2308 1083 2380 αὐτὸν
1106 2318 1196 2394 ,εἰςιν

142 2416 178 2487 τὸ
206 2420 269 2505 γῆς
287 2413 412 2506 άντρον
438 2417 690 2505 καταδυόμενον
713 2417 939 2504 ἐπανάγονσα,
967 2408 994 2486 οὐ
1020 2417 1159 2488 πάντων

141 2522 204 2611 μὲν
236 2520 381 2610 ἀγαθάν
412 2537 482 2604 τοῖς
512 2537 643 2612 νοεροῑς
673 2519 843 2653 ἡγουμένη
879 2533 989 2609 θεοῖς,
1021 2523 1159 2593 πάντων

142 2629 179 2698 δε
216 2625 457 2718 ἀποπληρούσα
494 2627 556 2698 τόν
593 2657 614 2697 α
615 2628 759 2718 ίσθητὸν
794 2629 937 2718 κόσμον,
973 2629 1082 2699 πάντα
1120 2631 1158 2700 δέ

27 2778 29 2780 -
141 2749 222 2824 ημιν
254 2737 292 2804 ἐν
323 2737 426 2804 πᾶσιν
458 2732 571 2822 ἀγαθά
598 2738 820 2866 χαρισαμένη,
852 2741 953 2805 δίδου
980 2738 1063 2805 πάσι
1095 2726 1158 2826 μέν

100 2839 338 2931 Βάνθροόποις
378 2833 676 2930 εὐδαιμονίαν,
653 2871 694 2931 ης
732 2842 770 2912 τὸ
811 2842 995 2929 κεφάλαιον
1031 2838 1053 2932 ἡ
1088 2846 1196 2915 τεῖναι

141 2952 235 3018 θεῶν
262 2950 386 3035 γνῶσίς
412 2950 492 3034 ἐστι,
519 2975 616 3038 κοινη
601 2949 740 3018 Ηδέ
694 2976 740 3040 τρο
764 2945 936 3037 Ῥωμαίων
962 2946 1157 3040 δήμῳ,μά

140 3065 236 3125 λιστα
264 3054 326 3144 μὲν
358 3050 609 3145 ἀποτρίψασθαι
636 3057 694 3143 τῆς
726 3053 908 3142 ἀθεότητος
938 3051 1000 3142 τὴν
1026 3060 1157 3142 κηλῖδα,

140 3159 225 3251 πρὸς
238 3174 244 3179 ’
257 3161 295 3233 δὲ
326 3161 382 3230 καὶ
409 3159 482 3249 ’τὴν
513 3161 619 3249 τύχην
654 3159 777 3250 εὐμενῆ
814 3163 1159 3249 σουδιακοβερνῶσαν

226 3393 350 3461 Ιούτως
368 3402 393 3450 V
473 3395 575 3454 MV
560 3417 645 3453 ενεκα
662 3403 723 3454 κτλ.
741 3407 870 3466 corrupta
886 3408 951 3452 sunt
1026 3400 1157 3454 ἵείλετο

133 3463 201 3519 Ῥει.
222 3474 250 3520 οι
268 3466 379 3548 spanh.]
400 3467 500 3521 εἵλατο
586 3472 602 3521 8
620 3475 648 3521 et
665 3472 682 3520 9
704 3467 841 3520 τοσοῦτον
858 3465 908 3520 καὶ
926 3465 965 3535 Η]
989 3467 1040 3520 καὶ
1058 3469 1156 3521 τοσοῦ-

138 3551 190 3587 τον
260 3526 442 3602 9οὐδεμί
430 3528 467 3586 ἀν
485 3535 522 3600 Η]
541 3530 665 3601 οὐδεμία
735 3539 767 3587 ’27
786 3535 892 3604 κηλῖδα
910 3534 950 3602 Η]
969 3537 1038 3602 κηλ
1026 3535 1077 3588 δα
