2416 3864
470 140 604 194 οειετιο
622 141 685 193 vn.
1013 139 1071 204 301

61 263 101 335 τὸ
131 267 203 351 φάς
230 254 447 334 διικνεῖτο
408 284 467 353 της
493 268 529 335 ἐκ
551 293 613 335 του
598 268 793 355 βασιλέως
820 264 927 355 αύγης
950 263 1076 353 Ἡλίου,

58 368 173 461 Ορᾷς,
211 368 295 457 εἶπε,
332 368 393 439 τόν
424 368 565 453 ἀνεψιόν
597 372 657 443 τὸν
688 364 913 464 κληρονόμους
946 374 1001 441 καὶ
1030 371 1077 458 ός,

58 474 161 605 Ορω,
199 483 359 565 ἔφηΤ
355 478 457 560 ίδέ,
493 477 574 560 τούς
610 478 796 567 βουκόλους
831 479 990 548 τουτουσὶ
1021 479 1077 546 καὶ

61 581 142 663 τοὺς
170 584 344 671 ποιμέναςς
372 585 428 652 καὶ
455 583 597 667 τούτους
624 581 710 674 ὁρᾶν
728 580 863 655 εἶπεν“
848 612 866 654 ο
894 589 1077 664 νεανίσκος.
1140 628 1142 632 -

34 688 221 770 εΠοταπὸς
249 681 312 758 οὖν
330 696 379 770 τίς
402 710 457 772 σοι
476 686 493 760 6
512 691 719 793 κληρονόμος
737 697 906 779 φαίνεται;
934 690 1114 759 ποταποὶΒ

63 793 96 864 δ’
128 787 172 863 αύ
200 800 259 864 οί
260 797 414 883 ποιμένες
432 797 541 866 τεκαὶ
569 788 742 884 βουκόλοις
770 803 830 866 καί
855 792 1078 881 ὃνεανίσκος,

59 897 98 969 0
134 903 197 988 μέν
234 928 306 989 μοι,
343 907 423 989 ἔφη,
461 908 555 972 δοκεῖ
593 903 767 985 νυστάζειν
803 899 843 970 τά
879 901 985 972 πολλὰ
1022 903 1078 970 καὶ

63 1007 314 1095 καταδυόμενος
328 1008 534 1097 ,λεληθότως
569 1004 776 1097 ἡδυπαθεῖν,
808 1011 877 1076 τῶν
907 1009 1078 1095 ποιμένων

64 1114 102 1184 δὲ
121 1111 238 1199 ὀλίγον
256 1116 317 1202 μέν
335 1116 404 1182 ἐστι
422 1112 459 1183 τὸ
479 1111 623 1202 ἀστεῖον,
640 1113 678 1184 τὸ
698 1118 828 1203 πλῆθος
847 1115 884 1183 δὲ
902 1111 1078 1202 μοχθηρὸν

22 1251 49 1290 10
63 1222 121 1291 καὶ
148 1223 325 1308 θηριῶδες,
362 1222 469 1289 ἐσθίει
497 1219 561 1309 γάρ
579 1225 635 1290 καὶ
663 1221 840 1310 πιπράσκει
858 1219 898 1288 τά
926 1219 1078 1310 πρόβατα

63 1327 120 1395 καὶ
149 1323 259 1395 ἀδικεῖ
284 1329 383 1415 διπλῇ
410 1323 471 1395 τὸν
499 1327 673 1417 δεσπότην.
718 1327 758 1396 τά
785 1354 819 1397 τε
847 1325 911 1416 γάρ
939 1331 1079 1414 ποίμνια

64 1429 183 1502 αύτοῦν
204 1437 338 1521 φθείρει
364 1433 420 1501 καὶ
448 1434 484 1500 ἐκ
508 1436 644 1502 πολλῶν
675 1432 776 1524 μικρά
803 1430 977 1521 άποφίρον
1004 1429 1077 1520 άμι-

64 1549 155 1608 σθου
187 1536 278 1607 εἷναί
308 1558 392 1626 φησι
423 1539 479 1607 καὶ
512 1535 677 1629 ὀδύρεται.
722 1545 831 1609 καίτοι
858 1552 1009 1629 κρεῖττον
1036 1529 1119 1626 ἦυΟ

63 1643 144 1725 τοὺς
172 1641 319 1731 μισθούς
346 1641 497 1712 ἀπαιτεῖν
516 1647 656 1726 ἐντελεῖς
683 1641 704 1733 ἢ
733 1651 890 1733 φθείρειν
916 1642 978 1732 τὴν
1005 1649 1079 1713 ποί-

23 1779 51 1820 15
65 1778 164 1840 μνην.
184 1746 246 1819 ’Ἀν
264 1741 339 1835 οὖν,
358 1756 434 1840 ἔφη,
453 1750 491 1819 σὲ
509 1748 573 1839 ἐγω
593 1749 673 1838 μετά
691 1750 831 1838 ταυτησί
850 1752 908 1836 τῆς
924 1747 1079 1837 Ἀθηνᾶς,

66 1856 296 1938 ἐπιτάττοντος
323 1858 385 1926 τού
403 1856 498 1942 Διός,
526 1854 600 1926 ἀντὶ
627 1859 688 1926 τοῦ
715 1850 927 1946 κληρονόμου
954 1854 1079 1924 τούτου

66 1962 203 2031 πάντων
231 1964 411 2053 ἐπίτροπον
437 1963 567 2032 τούτων
594 1961 788 2050 καταστήσω
812 1992 875 2043 -;
903 1959 1012 2033 πάλιν,
1026 1962 1080 2028 ἐν·

66 2059 195 2138 ταύθα
216 2064 245 2137 6
272 2074 447 2149 νεανίσκος
483 2065 649 2157 ἀντείχετο
691 2069 747 2137 καὶ
787 2063 893 2137 πολλά
935 2066 1080 2134 ίκίτευευ

67 2171 175 2244 αὐτοῦ
207 2175 328 2262 μένεινι
374 2170 392 2244 6
426 2176 478 2262 δι’,
506 2173 566 2263 Μὴ
598 2181 675 2244 λίαν
707 2170 849 2261 ἀπειθὴς
882 2178 954 2259 ἔσο,
987 2177 1081 2260 φησί,

24 2309 53 2350 εο
67 2281 112 2369 μή
140 2282 224 2349 ποτέ

148 2401 181 2507 ρ’
211 2401 409 2493 ἀπεχθήρω,
437 2399 482 2485 ὥς
508 2407 575 2473 νῦν
603 2401 739 2491 ἔκπαγλ’
770 2406 921 2492 ἐφίλησα.

67 2530 124 2599 καὶ
153 2524 390 2615 δνεανίσκος,
415 2525 514 2614 Ἀλλ’,
542 2518 568 2595 οἷ
596 2528 742 2616 μέγιστε,
774 2527 881 2614 εἶπεν,
906 2524 999 2595 Ἥλιε
1026 2528 1082 2595 καὶ

64 2633 208 2722 Ἀθηνᾶ,
245 2636 285 2703 σί
313 2661 349 2702 τε
379 2635 435 2702 καί
473 2631 577 2703 αὐτὸν
613 2635 874 2725 ἐπιμαρτύρομαι
910 2631 971 2701 τόν
1003 2639 1127 2719 Δία,])

67 2742 201 2830 χρῆσθέ
225 2768 282 2827 μοι
309 2738 393 2829 πρὸς
420 2737 486 2827 ό,τι
509 2740 681 2827 βούλεσθε.
718 2740 819 2809 πάλιν
843 2731 906 2809 οὖν
926 2734 943 2806 6
964 2734 1084 2828 Ἑρμῆς

25 2873 55 2915 ει
70 2844 170 2932 ἀφνω
198 2846 316 2933 φανείς
344 2849 479 2935 ἐποίησε
505 2843 566 2915 τόν
594 2852 772 2915 νεανίσκον
798 2843 1083 2934 θαρραλεώτερον.
1181 2918 1183 2923 3

68 2949 135 3040 ἤδη
168 2951 233 3042 γάρ
267 2957 428 3021 διενοεῖτο
459 2955 518 3040 τῆς
553 2978 588 3020 τε
621 2948 726 3020 ὀπίσω
763 2957 900 3041 πορείας
935 2951 991 3018 καὶ
1027 2953 1085 3038 τῆς

68 3061 175 3127 ἐκεῖσε
216 3061 387 3148 διατριβῆς
432 3054 615 3147 ηὑρηκέναι
654 3056 715 3127 τὸν
755 3054 912 3145 ἡγεμόνα.
966 3057 1022 3124 καὶ
1063 3051 1083 3144 ἡ

66 3161 209 3252 Ἀθηνᾶ,
237 3164 422 3251 Μάνθανε,
455 3161 561 3251 εἶπεν,
595 3154 767 3257 ά-λῷστε,
799 3159 922 3252 πατρὸς
949 3158 1106 3248 ἀγαθοῦ,

140 3372 171 3420 12
193 3347 343 3488 ἀποφέρον
360 3360 490 3449 ἄμισθον
509 3363 586 3456 HJ'
566 3364 723 3435 ἀποφέρων
741 3362 869 3434 ἄμισθος
939 3369 971 3419 18
993 3359 1085 3419 πολλὰ

70 3434 107 3569 V6
127 3433 266 3497 πολλάκις
294 3438 313 3518 Ι
330 3430 459 3489 κειενεν
476 3433 514 3504 V]
534 3431 679 3489 ικέτευσεν
748 3440 779 3488 21
798 3436 878 3488 Iliad.
899 3451 925 3501 γ,
942 3437 992 3487 415
1025 3436 1029 3501 Ι
1056 3429 1084 3487 τ’

70 3504 95 3555 V
128 3519 158 3556 σε
228 3508 260 3558 27
279 3496 389 3572 ηύρηκέ
390 3521 439 3555 ναι
457 3503 494 3571 Η]
516 3499 671 3570 εὑρηκέναι
