2446 3870
488 155 625 208 οοετιο
643 156 679 210 11.
1032 157 1094 220 111

76 295 181 350 νωνει*
210 280 273 369 μὲν
304 279 409 350 άπασι
440 284 508 351 τῶν
533 280 666 368 πόνων,
702 284 757 351 καὶ
790 289 877 370 ἔχειν
910 286 947 352 ἐν
978 281 1095 367 αύτοτς

76 384 112 455 τὸ
145 388 250 456 πλέον
283 384 386 473 ἀξιοῖ,
418 393 619 476 μεταδίδωσι
646 387 684 457 δέ
716 391 857 469 ἐκείνοις
882 392 951 458 τῶν
977 391 1093 460 κινδύ-

75 520 147 561 νων
174 491 216 561 τά
245 499 388 580 ἔπαθλα,
415 500 542 583 χαίρων
570 496 625 564 καλ
644 491 799 583 νεγηθῶς
826 492 900 564 ούτι
918 499 963 588 τῷ
990 498 1093 567 πλίον

76 605 165 687 ἐχειν
193 601 263 668 τῶν
290 597 402 668 ἀλλων
428 607 570 689 χρυσίον
597 602 653 670 καὶ
671 598 835 691 ἀργύριον
861 603 918 670 καὶ
941 600 1094 684 ἐπαύλεις

48 705 191 797 ειιόσμφ
219 714 396 776 πολυτελεῖ
419 708 735 795 κατεσκευασμένας,
763 704 846 776 ἀλλά
873 711 919 800 τῷ
947 705 1092 791 πολλούς
1110 725 1137 778 D
1195 704 1198 709 ’

72 811 136 899 μὲν
164 803 205 880 εὖ
231 826 342 881 ποιεῖν
369 812 551 899 δύνασθαι,
579 820 773 902 χαρίζεσθαι
800 813 838 882 δέ
860 811 985 883 ἅπασιν
1012 812 1093 884 ὅτου

72 913 116 987 ἀν
146 917 296 1005 τύχωσιν
324 921 447 999 ἐνδεεῖς
475 916 581 1000 ὅντες·
612 919 743 988 τούτων
770 914 875 989 αὑτὸν
903 917 922 989 δ’
949 947 987 1006 γε
1014 916 1092 1008 άλη-

73 1022 176 1105 θινὸς
208 1020 298 1104 ἀξιοῖ
332 1024 497 1112 βασιλεύς.
543 1024 719 1113 φιλόπολις
755 1024 793 1094 δέ
830 1020 879 1093 ῶν
909 1027 966 1094 καὶ
998 1035 1093 1114 φιλο-

74 1129 282 1219 στρατιῶτης
307 1133 377 1199 τῶν
408 1158 470 1218 μεν
497 1130 649 1220 καθάπερ
682 1129 804 1219 νομεύς
830 1137 997 1220 ποιμνίων
1024 1135 1093 1201 ἐπι-

37 1267 60 1306 10
73 1246 234 1325 μελεϊται,
266 1239 424 1327 προνοῶν
457 1234 547 1319 ὅπως
575 1233 618 1306 ἀν
646 1234 737 1330 αύτῷ
768 1237 878 1326 θάλλη
905 1239 962 1307 καὶ
989 1235 1092 1325 εύθη-
1154 1289 1158 1295 -

71 1345 174 1430 νῆται
201 1339 242 1411 τά
260 1344 436 1432 θρέμματα
455 1347 619 1426 δαψιλοῦς
644 1345 701 1413 καὶ
719 1341 889 1434 ἀταράχου
912 1348 970 1433 τῆς
987 1347 1093 1432 νομῆς

73 1448 339 1537 ἐμπιμπλάμενα,
366 1448 447 1532 τούς
474 1449 512 1518 δέ
540 1452 646 1540 ἐφορᾷ
672 1451 729 1520 καὶ
753 1453 895 1539 συνέχει,
921 1449 1006 1540 πρὸς
1034 1448 1093 1519 ἀν-

73 1559 194 1643 δρείαν
221 1557 278 1624 καὶ
306 1554 423 1644 ρῶμην
454 1557 511 1625 καὶ
538 1557 708 1646 πρᾳότητα
735 1557 912 1645 γυμνάζων
938 1557 1092 1646 καθάπερ

74 1660 245 1741 σκύλακας
272 1658 411 1749 εὐφυεῖς
441 1664 498 1731 καὶ
525 1668 705 1749 γενναίους
729 1666 789 1751 τῆς
814 1670 958 1752 ποίμνης
986 1663 1090 1750 φύλα·
1111 1685 1146 1735 87

35 1796 60 1837 15
74 1794 151 1854 κας,
185 1772 294 1857 ἔργων
324 1794 360 1836 τε
392 1764 483 1861 αὑτῶ
516 1767 703 1851 κοινωνούς
733 1771 789 1838 καὶ
823 1769 1021 1858 ἐπικούρους
1046 1770 1093 1861 τῷ

73 1872 199 1960 πλήθει
231 1880 390 1962 νομίζων,
423 1871 495 1944 ἀλλ’
530 1871 605 1963 ούχλ
643 1871 854 1965 ἀρπακτῆράς
884 1901 977 1955 τινας
1014 1872 1094 1944 οὐδὲ

73 1982 250 2067 λυμεῶνας
281 1984 350 2048 τῶν
380 1987 547 2069 ποιμνίων
578 1980 731 2069 καθάπερ
763 1985 799 2048 οί
828 1979 924 2049 λύκοι
951 1982 1006 2048 καὶ
1034 2007 1092 2048 κυ-

74 2087 148 2153 νῶν
186 2089 223 2154 οί
256 2086 475 2173 φαυλότατοι,
514 2087 586 2176 (οἳ)
622 2090 682 2174 τῆς
717 2081 830 2154 αύτῶν
867 2085 1001 2173 φύσεως
1036 2087 1093 2153 καὶ

73 2194 204 2279 τροφῆς
235 2192 474 2281 ἐπιλαθόμενοι
506 2190 579 2262 ἀντὶ
618 2191 778 2281 σωτήρων
810 2194 865 2261 καὶ
902 2216 1092 2280 προαγωνι-

32 2327 60 2367 ιο
74 2299 166 2366 σιῶν
193 2294 411 2386 ἀνεφάνησαν
438 2295 534 2368 αὐτοὶ
563 2299 758 2388 δηλήμονες·
787 2295 866 2368 ούδέ
893 2296 960 2387 μὴν
986 2293 1092 2385 ύπνη-

73 2401 158 2485 λούς
184 2399 333 2485 ἀνέξεται
361 2404 448 2474 εἶναι
475 2407 531 2474 καλ
551 2403 677 2495 ἀργούς
702 2407 759 2474 καὶ
778 2402 975 2494 ἀπολέμους,
1003 2402 1093 2484 ὅπως

74 2506 120 2580 ἀν
151 2506 197 2598 μὴ
231 2511 393 2598 φυλάκων
425 2514 548 2601 ἑτέρων
580 2516 615 2580 οί
645 2514 792 2601 φρουροὶ
825 2513 980 2598 δέωνται,
1013 2507 1090 2579 ἀλλ’

75 2612 158 2686 οὐδὲ
196 2613 347 2698 ἀπειθεῖς
383 2615 562 2707 άρχονσιν,
594 2614 692 2699 είδῶς
728 2615 780 2686 ὅτι
815 2621 914 2688 τούτο
951 2617 1129 2705 μάλισταΒ

74 2721 229 2810 πάντων,
267 2728 336 2791 ἐστι
364 2723 402 2792 δέ
434 2721 521 2794 ὅπου
548 2725 604 2793 καὶ
636 2723 743 2813 μόνον
771 2720 898 2813 ἀπόχρη
928 2723 1093 2812 σωτήριον

39 2856 65 2897 ιε
78 2829 283 2918 ἐπιτήδευμα
310 2826 395 2918 πρὸς
420 2830 580 2918 πόλεμον·
608 2829 725 2899 πόνων
752 2830 790 2899 δέ
817 2826 974 2900 ἀπάντων
1002 2833 1093 2897 ἐνδε-

77 2949 124 3016 εῖς
152 2937 209 3004 καὶ
241 2932 463 3024 ἀτεράμονας,
491 2934 569 3017 Ιούτι
597 2936 774 3027 ῥᾳθύμους
807 2937 996 3026 ἐργάσεται,
1024 2937 1092 3001 ἐπι-

144 3191 161 3240 5
184 3190 382 3242 πολντελεῖλλ
403 3188 513 3256 spanh.]
537 3192 706 3249 πολυτελεῖς
733 3191 737 3250 Ι
764 3190 803 3241 τῶ
820 3187 855 3255 V]
874 3178 906 3239 τὸ
976 3181 1091 3252 8φιλό·

77 3252 178 3322 πολις]
198 3255 387 3323 φιλοπολίτης
409 3258 436 3307 Η
506 3261 538 3308 12
560 3250 783 3324 ἐμπιμπλάμενα
804 3255 846 3323 H]
865 3247 1091 3330 ἐμπιπλάμενα]

77 3321 165 3390 σννέχ
209 3325 234 3374 V
309 3328 341 3376 15
364 3318 442 3376 αύτῶ
466 3322 511 3392 Η]
537 3316 615 3390 αύτῷ
692 3328 725 3375 17
749 3322 805 3374 τῶν
825 3319 967 3390 ποιμνίων
989 3319 1030 3387 V]
1053 3339 1091 3389 τῳ

76 3407 203 3461 ποιμνιῳ
274 3394 305 3443 18
327 3388 356 3444 οἳ
379 3376 441 3443 εδδ.
464 3393 491 3442 Η
523 3392 527 3456 Ι
560 3384 655 3446 αύτῶν
676 3390 713 3459 Η]
737 3383 833 3443 αύτῶν
900 3393 934 3442 20
956 3384 1028 3442 ούδδ
1052 3387 1091 3454 Η]

76 3452 146 3578 ομέτε
195 3461 254 3577 RQ}
273 3458 367 3511 Malim
389 3463 450 3519 τοῖς
473 3453 611 3528 ἄρχουσιν
680 3463 714 3510 25
736 3451 858 3525 ἐνδεεῖς]
882 3448 1032 3519 άνενδεεῖς
1050 3458 1094 3508 vel

77 3544 96 3577 α
118 3530 176 3586 εεῖς
221 3543 262 3581 ε.
