2416 3864
70 939 122 989 268
284 907 559 983 IOTAIANOT
583 905 979 982 ΑΥΤΟΚΡΑΤΟΡΟΣ

247 1044 442 1098 muman
465 1044 531 1096 Tm
554 1044 700 1097 Βονιοῐ
722 1044 786 1095 ΚΑΙ
803 1043 867 1094 τοι
887 1043 1018 1097 mmm.

203 1204 347 1271 Πολλῶν
374 1204 602 1291 εἰργασμένων
629 1216 699 1283 τοῖς
724 1200 907 1290 προγόνοις
938 1197 1052 1289 ὑμῶν,
1083 1197 1132 1288 ἐφ’

125 1304 175 1389 οἷς
207 1305 270 1376 οὐκ
304 1309 442 1388 ἐκείνοις
475 1307 582 1395 μόνον
614 1308 687 1377 τότε
721 1309 813 1396 ἐξῆν,
850 1304 933 1375 άλλά
970 1309 1026 1376 καλ
1059 1303 1137 1396 ὑμῖν

124 1417 191 1484 νῦν
223 1415 326 1496 ἔξεστι
359 1422 624 1502 φιλοτιμεῖσθαι,
655 1416 711 1484 καλ
742 1416 876 1487 πολλῶν
908 1415 1158 1504 ἐγηγερμίνωνί

89 1552 91 1557 ·
124 1517 299 1611 τροπαίων
330 1515 414 1650 ὑπέρ
446 1547 481 1589 τε
513 1516 643 1610 ἁπάσης
669 1524 735 1609 ’τῆς
762 1516 920 1600 Ἑλλάδος
956 1523 1055 1609 κοινῇ
1086 1521 1139 1590 καὶ

124 1625 195 1696 κατ’
232 1623 374 1696 ίδίαν’
355 1626 440 1718 νπὲρ
473 1625 577 1715 αὐτῆς
607 1631 666 1716 τῆς
697 1626 838 1713 πόλεως,
871 1629 907 1695 ἐν
935 1621 1037 1708 οἷς’
1018 1633 1139 1716 ηγωνί-

126 1756 205 1803 σατο
239 1735 325 1823 μόνη
353 1734 436 1824 πρός
468 1761 502 1803 τε
528 1731 608 1814 τοὺς
639 1723 762 1814 άλλονς
785 1730 948 1822 Ἓλληνας
974 1735 1032 1802 καὶ
1060 1731 1139 1823 πρὸς

87 1839 185 1910 Βτδν
221 1841 408 1932 βάρβαρον,
446 1837 549 1910 οὐδέν
586 1841 654 1909 ἐστι
692 1843 889 1928 τηλικοῦτον
926 1845 1029 1929 ἔργον
1061 1835 1139 1909 ονδε

124 1946 340 2039 ἀνδραγαθία
371 1948 532 2036 τοσαύτη,
565 1945 694 2037 πρὸς,
674 1943 718 2015 άν
750 1942 812 2016 οὐκ
844 1952 952 2015 ἔνεστι
984 1949 1041 2017 ιιαὶ
1069 1962 1139 2028 ταις
1151 1966 1171 2006 10

125 2053 241 2138 άλλαις
268 2052 496 2144 άμιλληθῆναι,
520 2054 644 2123 πόλεσι.
689 2051 730 2121 τά
756 2051 882 2141 μὲν
845 2081 909 2142 γαρ
937 2051 1015 2141 μεθ’
1046 2050 1141 2142 ὑμῶν

125 2164 180 2231 ιιαλ
213 2154 328 2248 αὗται,
361 2159 401 2230 τά
434 2161 472 2229 δὲ
508 2157 580 2230 κατ’
617 2165 710 2228 ἰδίαν
741 2159 950 2249 εἰργάσαντο.
996 2162 1102 2229 ιιαὶ“
1086 2188 1141 2230 ινα

124 2265 168 2355 μὴ
201 2268 408 2355 μεμνημένος
440 2273 551 2336 ἔπειτα
582 2263 881 2368 ἀντιπαραβάλλων
918 2263 939 2354 η’
977 2271 1141 2357 προτιμᾶν

125 2375 237 2500 ἑτέρας
269 2374 396 2462 ἑτέραν
417 2367 523 2441 ἐνῖ
487 2400 538 2454 ος
570 2361 855 2461 διαμφισβητοῦσι
887 2381 1089 2462 νομισθείην
1118 2402 1140 2461 η

124 2476 208 2568 πρὸς
235 2477 273 2547 τὸ
302 2482 514 2566 λυσιτελοῦν,
546 2477 655 2569 ωσπερ
684 2483 720 2548 οί
749 2479 900 2569 ῥήτορες,
929 2482 1142 2572 ἐνδεεστερον
1154 2496 1174 2537 1⁵

91 2593 111 2648 Ο
128 2583 329 2654 ἐπαινεῖν
295 2612 354 2666 τας
373 2588 623 2675 ἐλαττουμένας,
642 2589 742 2655 τοῦτο
761 2588 867 2654 ἐθέλω
887 2585 1015 2675 φράσαι
1035 2586 1142 2675 μόνον

125 2687 210 2782 ὑπὲρ
233 2688 341 2781 ὑμῶν,
370 2684 521 2785 ςδμηδλν
544 2689 728 2768 άντίπαλον
750 2698 868 2780 ἔχομεν
887 2693 1034 2780 ἐξευρεῖν
1053 2691 1142 2783 παρὰ

126 2814 196 2881 τοῖς
214 2797 326 2880 ἄλλοις
345 2796 514 2887 Ἕλλησιν,
542 2800 578 2867 ἐκ
597 2802 655 2886 τῆς
681 2801 824 2880 παλαιᾶς
847 2798 959 2887 φήμης
987 2804 1034 2880 είς
1057 2796 1143 2889 ἡμᾶς

126 2908 407 2996 παραδεδομένον.
462 2903 636 2995 άρχόντων
676 2903 738 2992 μὲν
779 2910 1060 2992 Λακεδαιμονίων
1102 2900 1141 2974 οὐ

126 3019 184 3102 βίᾳ
211 3011 273 3100 τὴν
301 3009 421 3102 άρχήν,
454 3009 536 3081 άλλά
570 3010 650 3100 δόξη
683 3011 900 3099 δικαιοσύνης
931 3018 1176 3101 παρείλεσι(λε,ἳ0

195 3234 226 3282 13
245 3221 504 3350 ἀντιπαραβάλλων
523 3228 560 3295 V]
579 3221 882 3348 dvtmoeqoessoe'uswl
916 3231 949 3280 14
966 3221 1068 3296 ἐτέρας
1087 3221 1144 3282 ἕτὲ-

125 3314 179 3374 ραν
202 3290 284 3364 V]
269 3293 368 3377 ετέρας
392 3291 437 3352 ἕτέ
440 3315 504 3377 ραις
536 3297 541 3363 Ι
573 3292 616 3356 οἷς
638 3296 706 3347 Rsk.
727 3301 756 3348 et
770 3292 895 3376 ΗΙαλς
914 3295 932 3416 Ι
966 3295 1063 3362 διαμφ
1065 3297 1166 3378 ισβη-

125 3379 205 3416 τονσι
223 3362 299 3428 V]a
280 3355 495 3433 ἀμφισβητοῦσι
582 3368 613 3416 17
638 3352 659 3433 ᾧ
679 3355 784 3430 Ρολ.]ο
816 3364 821 3430 Ι
852 3360 926 3432 μηδὲ
929 3382 946 3416 ν
964 3363 1045 3432 vob]
1070 3359 1143 3432 μηδὲ

125 3433 159 3481 20
176 3431 375 3496 παρείλαοθαι
395 3435 417 3483 V
