2408 3856
482 180 620 232 ORATIO
638 180 659 230 1.
1038 181 1081 245 59

58 303 182 392 μένειν.
221 300 372 392 ἀνθῆσαι
399 306 460 393 μὲν
488 304 552 395 γάρ
579 309 619 395 τῇ
645 306 728 395 τύχη
756 307 968 395 προσσχόντα
995 307 1079 400 πρὸς

58 406 169 499 βραχύ
212 411 349 501 ῥᾴδιον,
390 413 592 499 διαφυλάξαι
628 412 666 482 δὲ
702 411 742 482 τὰ
781 415 927 483 δοθέντα
964 411 1079 501 άγαθά

59 521 141 609 δίχα
165 507 364 609 φρονήσεως
391 515 434 587 ού
461 526 538 588 λίαν
556 517 708 606 εὔκολον,
735 522 863 608 μᾶλλον
887 519 924 588 δὲ
952 516 1079 589 άδύνα·

7 668 13 699 ;
58 647 116 690 τον
146 631 237 704 ἴσως.
275 621 359 752 ολως
386 624 483 694 δέεί
452 624 569 713 είχρη
598 628 654 694 καὶ
680 627 757 717 περὶ
783 627 913 696 τούτων
932 626 1080 756 ἐναργὲς

12 727 199 860 ῦφράζειν
225 730 419 820 τεκμήριον,
451 725 585 801 πολλῶν
612 734 667 801 καλ
694 740 890 838 γνωρίμων
906 729 968 802 ούκ
996 730 1078 803 άπο-

9 929 14 983 3'
56 943 132 1031 περὶ
160 969 220 1030 τας
251 942 384 1030 πράξεις
415 941 557 1030 άγαθῶν
589 946 645 1013 καλ
678 944 921 1032 συμφερόντων
953 948 1076 1035 ἐξευρί-

5 1056 14 1147 J
57 1067 151 1116 σκειν
174 1046 220 1115 τά
248 1048 413 1139 κράτιστα.
452 1065 591 1120 σκοπεῖν
619 1042 683 1119 οὖν
711 1047 806 1131 άξιον
833 1048 888 1138 ἐφ’
919 1046 1077 1121 ἁπάντων

8 1145 27 1242 Ϊζ’
57 1149 186 1283 ἅπλῶς,
219 1159 251 1222 εί
285 1153 328 1244 μη
360 1153 460 1225 τοῦθ’
491 1159 528 1225 ἕν
560 1160 628 1226 ἐστι
660 1159 728 1225 τῶν
761 1177 815 1226 σοι
847 1160 1076 1246 πραχθέντων.

2 1268 46 1344 ³1⁰
56 1286 188 1329 ονκουν
215 1257 302 1330 ὅπου
334 1255 443 1349 μὲν
422 1290 465 1351 ην
498 1258 657 1351 ὁμονοίας
683 1269 791 1353 χρεία,
825 1269 952 1351 ἔχαιρες
983 1267 1076 1333 ἐλατ-

14 1366 235 1454 τούμενος,
264 1393 351 1436 οπου
380 1369 416 1437 δὲ
443 1383 514 1450 τοῖς
540 1385 668 1450 κοινοῖς
701 1372 802 1460 ἐχρῆν
829 1376 987 1458 βοηθεῖν,
1015 1368 1075 1440 τὸν

4 1466 9 1476 ’
57 1472 204 1560 πόλεμον
237 1477 328 1542 είλον
359 1475 608 1564 προθυμότατα.
658 1477 713 1546 καὶ
745 1479 889 1567 Περσῶν
920 1477 982 1565 μὲν
1013 1475 1076 1565 τὴν

6 1648 8 1651 ,
59 1578 205 1666 δύναμιν
232 1581 546 1671 καταστρατηγήσας
573 1579 698 1651 ούδίνα
724 1585 792 1650 τῶν
820 1579 966 1651 ὁπλιτῶν
993 1580 1075 1652 ἄπο-

2 1744 3 1747 ,
59 1682 171 1771 βαλῶν
199 1688 405 1774 διέφθειρας,
432 1686 493 1757 τὸν
520 1687 604 1778 πρὸς
627 1686 706 1770 τοὺς
732 1688 922 1779 τυράννους
950 1688 987 1758 δὲ
1014 1689 1075 1758 πό-

1 1798 157 1880 ς’ῑῡλεμον
190 1790 311 1861 διελῶν
341 1797 403 1862 τού
435 1793 496 1881 μὲν
529 1795 711 1883 ἐκράτησας
740 1810 813 1875 ταῖς
846 1801 1118 1885 δημηγορίαις,])

1 1910 2 1913 ’
59 1899 111 1965 καὶ
142 1895 206 1985 τὴν
237 1896 308 1987 μετ’
339 1902 470 1969 ε’κείνου
503 1901 650 1988 δύναμιν
682 1898 841 1989 άκέραιον
872 1903 928 1969 καλ
960 1905 1074 1970 κακῶν

10 2085 12 2092 s
60 1999 172 2092 άπαθὴ
209 2004 412 2095 προσλαβῶν
453 2008 719 2094 κατεπολέμησας
759 2008 887 2092 μᾶλλον
923 2004 980 2074 διὰ
1016 2009 1075 2092 τῆς

10 2191 12 2196 ,
60 2113 224 2191 συνέσεως
250 2107 271 2199 ἢ
292 2110 348 2180 διά
366 2115 425 2199 της
443 2112 556 2201 ρῶμης
582 2110 642 2181 τὸν
659 2110 833 2180 τοσούτων
850 2126 920 2192 τοῖς
947 2127 1074 2194 κοινοῖς

9 2218 10 2221 '
64 2225 165 2286 ··ίτιον
190 2221 389 2309 συμφορῶν.
427 2218 593 2306 βούλομαι
612 2218 650 2287 δὲ
677 2220 884 2308 σαφέστερον
902 2220 977 2308 περὶ
996 2218 1074 2287 τού-

84 2349 121 2391 ον
150 2321 257 2392 είπῶν
275 2321 378 2392 ἅπασι
398 2326 513 2411 δεῖξαι,
540 2331 607 2393 τίνι
630 2325 770 2413 μάλιστα
788 2324 967 2405 πιστεύσας
986 2326 1072 2413 [καὶ]

59 2430 229 2511 τοσούτοις
262 2428 405 2499 σαυτὸν·
423 2429 559 2511 ἐπιδούς
591 2431 782 2521 πράγμασιν
815 2428 956 2511 οὐδενὸς
988 2429 1074 2512 ὅλως

9 2620 11 2622 ¹
59 2535 243 2624 διήμαρτες.
293 2534 432 2605 εύνοιαν
470 2545 532 2605 οίει
574 2542 647 2605 δεῖν
683 2535 773 2624 παρά
808 2540 878 2605 τῶν
912 2533 1072 2625 ὑπηκόων
1082 2557 1126 2621 ,48

58 2635 217 2730 ύπάρχειν
259 2644 305 2733 τῷ
342 2641 554 2729 βασιλεύοντι
596 2642 771 2732 ἐρυμάτων
812 2640 1073 2732 ἀσφαλέστατον.

0 2781 10 2819 ;
57 2748 179 2836 ταύτην
212 2748 257 2816 δὲ·
284 2749 498 2818 ἐπιτάττοντα
530 2748 591 2835 μὲν
623 2751 679 2817 καὶ
710 2749 888 2819 κελεύοντα
920 2749 1072 2839 καθάπερ

3 2869 8 2942 j
27 2850 217 2943 2δείσφοράς
253 2855 309 2923 καὶ
346 2854 476 2942 φόρους
511 2853 699 2942 κτήσασθαι
736 2859 904 2935 παντελῶς
940 2853 1073 2941 άλογον.

0 2989 1 2992 “
56 2966 199 3029 λείπεται
237 2959 279 3049 δὴ
316 2961 451 3047 λοιπόν,
491 2960 645 3050 καθάπερ
686 2959 787 3042 αὐτὸς
806 2981 808 2986 ·
824 2959 992 3051 ῶρμηκας,
1033 2957 1072 3027 τὸ

137 3147 152 3195 1
179 3158 360 3211 προσσχοντα
386 3143 510 3202 Schaef.]
536 3134 698 3224 προσχύντα
772 3147 788 3195 3
810 3144 845 3193 W
866 3146 899 3192 tt.
917 3143 1073 3221 ευερίοοῖυτ

54 3211 231 3261 scribendum
256 3227 319 3263 εεεο
330 3209 457 3291 μᾶλλον
480 3205 514 3263 δὲ
541 3201 614 3271 ὅλως
637 3203 796 3266 άδύνατον.
831 3160 863 3261 ελ
879 3204 913 3259 δὲ
937 3202 990 3275 χρὴ
1013 3210 1073 3264 κτλ.

53 3273 202 3330 4τούτων
220 3277 259 3345 V]
284 3274 394 3331 τούτων
411 3277 468 3330 τῶν
536 3275 621 3331 θοοὶ
644 3281 673 3329 Μ
743 3281 774 3328 12
798 3275 865 3328 εΐλω
882 3276 915 3329 V.
947 3275 1074 3327 Scriben-

54 3345 117 3396 dum
135 3336 267 3398 άνείλον.
299 3347 337 3400 cf.
355 3347 612 3399 94D95A323D
672 3348 703 3396 14
721 3360 789 3402 τους
807 3360 857 3395 om
876 3345 901 3395 V
958 3346 991 3394 16
1007 3359 1061 3424 μετ

52 3405 169 3465 ἐκείνου
187 3411 261 3479 VM]
284 3431 339 3478 μεν
357 3407 472 3467 ἐκείνου
543 3417 574 3465 17
597 3411 706 3480 μᾶλλον
730 3404 824 3462 διάτ.
844 3425 906 3463 συν.
924 3409 971 3489 V]
977 3405 1072 3463 διάτ.

53 3493 117 3531 συν.
130 3477 290 3601 μόιλλονὸἓ
314 3484 348 3534 20
366 3478 416 3532 καλ
434 3482 549 3532 inclusit
567 3483 594 3532 H
657 3482 690 3529 22
708 3472 788 3571 παρὰ
806 3476 872 3545 τῶν]
892 3472 1030 3548 παράγων
1049 3482 1074 3533 V
1132 3513 1143 3517 ›-

53 3544 290 3615 mama}
314 3543 490 3616 ΙτὸῙτῶλῙ
