<?xml version="1.0" encoding="UTF-8"?>
<!DOCTYPE html PUBLIC "-//W3C//DTD XHTML 1.0 Transitional//EN"
    "http://www.w3.org/TR/xhtml1/DTD/xhtml1-transitional.dtd">
<html xmlns="http://www.w3.org/1999/xhtml" xml:lang="en" lang="en">
 <head>
  <title>
</title>
<meta http-equiv="Content-Type" content="text/html;charset=utf-8" />
  <meta name='ocr-system' content='tesseract 3.04.00' />
  <meta name='ocr-capabilities' content='ocr_page ocr_carea ocr_par ocr_line ocrx_word'/>
</head>
<body>
  <div class='ocr_page' id='page_1' title='image "./iulianiimperato01juligoog_0230.png"; bbox 0 0 2446 3870; ppageno 0'>
   <div class='ocr_carea' id='block_1_1' title="bbox 485 117 1160 215">
    <p class='ocr_par' dir='ltr' id='par_1_1' title="bbox 485 117 1160 215">
     <span class='ocr_line' id='line_1_1' title="bbox 485 117 1160 215; baseline -0.004 -13"><span class='ocrx_word' id='word_1_1' title='bbox 485 149 621 202; x_wconf 74' lang='grc' dir='ltr'><strong><em>οεεευιο</em></strong></span> <span class='ocrx_word' id='word_1_2' title='bbox 640 150 674 202; x_wconf 86' lang='lat' dir='ltr'><strong><em>v.</em></strong></span> <span class='ocrx_word' id='word_1_3' title='bbox 1028 151 1091 215; x_wconf 59' lang='grc' dir='ltr'><strong><em>γης</em></strong></span> <span class='ocrx_word' id='word_1_4' title='bbox 1158 117 1160 121; x_wconf 71' lang='grc'><strong>’</strong></span> 
     </span>
    </p>
   </div>
   <div class='ocr_carea' id='block_1_2' title="bbox 40 272 1219 3115">
    <p class='ocr_par' dir='ltr' id='par_1_2' title="bbox 40 272 1219 3115">
     <span class='ocr_line' id='line_1_2' title="bbox 79 272 1093 365; baseline 0.002 -19"><span class='ocrx_word' id='word_1_5' title='bbox 79 274 246 362; x_wconf 77' lang='grc' dir='ltr'><em>ἀκούομεν</em></span> <span class='ocrx_word' id='word_1_6' title='bbox 275 272 390 361; x_wconf 85' lang='grc' dir='ltr'><strong><em>αὐτόν,</em></strong></span> <span class='ocrx_word' id='word_1_7' title='bbox 419 281 530 345; x_wconf 88' lang='grc' dir='ltr'><strong><em>αίτίαν</em></strong></span> <span class='ocrx_word' id='word_1_8' title='bbox 556 283 675 346; x_wconf 80' lang='grc' dir='ltr'><strong><em>τοίνυν</em></strong></span> <span class='ocrx_word' id='word_1_9' title='bbox 702 275 765 365; x_wconf 83' lang='grc' dir='ltr'><strong><em>τὴν</em></strong></span> <span class='ocrx_word' id='word_1_10' title='bbox 791 281 1008 364; x_wconf 78' lang='grc' dir='ltr'><strong><em>προεστῶσαν</em></strong></span> <span class='ocrx_word' id='word_1_11' title='bbox 1031 283 1093 349; x_wconf 80' lang='grc' dir='ltr'><strong><em>τοῦ</em></strong></span> 
     </span>
     <span class='ocr_line' id='line_1_3' title="bbox 78 377 1131 473; baseline 0.001 -20"><span class='ocrx_word' id='word_1_12' title='bbox 78 384 209 473; x_wconf 79' lang='grc' dir='ltr'><strong><em>θερμοῦ</em></strong></span> <span class='ocrx_word' id='word_1_13' title='bbox 227 382 283 450; x_wconf 80' lang='grc' dir='ltr'><strong><em>καὶ</em></strong></span> <span class='ocrx_word' id='word_1_14' title='bbox 301 381 491 468; x_wconf 79' lang='grc' dir='ltr'><strong><em>πυρώδους,</em></strong></span> <span class='ocrx_word' id='word_1_15' title='bbox 519 377 540 469; x_wconf 76' lang='grc' dir='ltr'>ἢ</span> <span class='ocrx_word' id='word_1_16' title='bbox 560 381 759 471; x_wconf 81' lang='grc' dir='ltr'><strong><em>πολεμήσειν</em></strong></span> <span class='ocrx_word' id='word_1_17' title='bbox 778 388 889 469; x_wconf 84' lang='grc' dir='ltr'><strong><em>ἔμελλε</em></strong></span> <span class='ocrx_word' id='word_1_18' title='bbox 907 386 948 471; x_wconf 76' lang='grc' dir='ltr'><strong><em>τῇ</em></strong></span> <span class='ocrx_word' id='word_1_19' title='bbox 975 383 1091 473; x_wconf 84' lang='grc' dir='ltr'><strong><em>νύμφη</em></strong></span> <span class='ocrx_word' id='word_1_20' title='bbox 1111 397 1131 454; x_wconf 84' lang='lat' dir='ltr'>C</span> 
     </span>
     <span class='ocr_line' id='line_1_4' title="bbox 78 483 1092 576; baseline 0.001 -19"><span class='ocrx_word' id='word_1_21' title='bbox 78 489 135 558; x_wconf 79' lang='grc' dir='ltr'><strong><em>καὶ</em></strong></span> <span class='ocrx_word' id='word_1_22' title='bbox 162 486 401 575; x_wconf 77' lang='grc' dir='ltr'><strong><em>ζηλοτυπήσειν</em></strong></span> <span class='ocrx_word' id='word_1_23' title='bbox 429 483 536 574; x_wconf 79' lang='grc' dir='ltr'><strong><em>αὐτὴν</em></strong></span> <span class='ocrx_word' id='word_1_24' title='bbox 562 490 621 576; x_wconf 77' lang='grc' dir='ltr'><strong><em>τῆς</em></strong></span> <span class='ocrx_word' id='word_1_25' title='bbox 647 485 731 576; x_wconf 81' lang='grc' dir='ltr'><strong><em>πρὸς</em></strong></span> <span class='ocrx_word' id='word_1_26' title='bbox 756 484 817 556; x_wconf 86' lang='grc' dir='ltr'><strong><em>τὸν</em></strong></span> <span class='ocrx_word' id='word_1_27' title='bbox 835 485 948 557; x_wconf 71' lang='grc' dir='ltr'><strong><em>’Ἀττιν</em></strong></span> <span class='ocrx_word' id='word_1_28' title='bbox 974 517 1092 558; x_wconf 87' lang='grc' dir='ltr'><strong><em>κοινα-</em></strong></span> 
     </span>
     <span class='ocr_line' id='line_1_5' title="bbox 79 588 1093 686; baseline 0.002 -24"><span class='ocrx_word' id='word_1_29' title='bbox 79 599 164 674; x_wconf 87' lang='grc' dir='ltr'><strong><em>νίας·</em></strong></span> <span class='ocrx_word' id='word_1_30' title='bbox 193 602 320 681; x_wconf 89' lang='grc' dir='ltr'><strong><em>είρηται</em></strong></span> <span class='ocrx_word' id='word_1_31' title='bbox 348 592 385 661; x_wconf 72' lang='grc' dir='ltr'><strong><em>δὲ</em></strong></span> <span class='ocrx_word' id='word_1_32' title='bbox 412 588 493 680; x_wconf 80' lang='grc' dir='ltr'><strong><em>ἡμῖν</em></strong></span> <span class='ocrx_word' id='word_1_33' title='bbox 520 598 570 672; x_wconf 86' lang='grc' dir='ltr'><strong><em>τίς</em></strong></span> <span class='ocrx_word' id='word_1_34' title='bbox 596 588 616 681; x_wconf 74' lang='grc' dir='ltr'><strong><em>ἡ</em></strong></span> <span class='ocrx_word' id='word_1_35' title='bbox 644 593 775 681; x_wconf 83' lang='grc' dir='ltr'><strong><em>νύμφη·</em></strong></span> <span class='ocrx_word' id='word_1_36' title='bbox 803 596 843 682; x_wconf 77' lang='grc' dir='ltr'><strong><em>τῇ</em></strong></span> <span class='ocrx_word' id='word_1_37' title='bbox 870 598 1093 686; x_wconf 78' lang='grc' dir='ltr'><strong><em>δημιουργικῇ</em></strong></span> 
     </span>
     <span class='ocr_line' id='line_1_6' title="bbox 52 694 1094 790; baseline 0.001 -21"><span class='ocrx_word' id='word_1_38' title='bbox 52 705 270 788; x_wconf 81' lang='grc' dir='ltr'><strong><em>επρομηθείμ</em></strong></span> <span class='ocrx_word' id='word_1_39' title='bbox 296 700 365 766; x_wconf 75' lang='grc' dir='ltr'><strong><em>τῶν</em></strong></span> <span class='ocrx_word' id='word_1_40' title='bbox 392 695 502 767; x_wconf 81' lang='grc' dir='ltr'><strong><em>ὄντων</em></strong></span> <span class='ocrx_word' id='word_1_41' title='bbox 529 694 746 787; x_wconf 80' lang='grc' dir='ltr'><strong><em>ὑπουργῆσαί</em></strong></span> <span class='ocrx_word' id='word_1_42' title='bbox 770 720 869 788; x_wconf 83' lang='grc' dir='ltr'><strong><em>φησι,</em></strong></span> <span class='ocrx_word' id='word_1_43' title='bbox 897 699 1025 789; x_wconf 80' lang='grc' dir='ltr'><strong><em>δηλαδὴ</em></strong></span> <span class='ocrx_word' id='word_1_44' title='bbox 1054 705 1094 790; x_wconf 78' lang='grc' dir='ltr'><strong><em>τῇ</em></strong></span> 
     </span>
     <span class='ocr_line' id='line_1_7' title="bbox 80 801 1094 895; baseline 0.002 -22"><span class='ocrx_word' id='word_1_45' title='bbox 80 805 194 893; x_wconf 81' lang='grc' dir='ltr'><strong><em>Μητρὶ</em></strong></span> <span class='ocrx_word' id='word_1_46' title='bbox 235 806 304 872; x_wconf 78' lang='grc' dir='ltr'><strong><em>τῶν</em></strong></span> <span class='ocrx_word' id='word_1_47' title='bbox 339 806 444 872; x_wconf 76' lang='grc' dir='ltr'><strong><em>θεῶν·</em></strong></span> <span class='ocrx_word' id='word_1_48' title='bbox 487 801 557 872; x_wconf 81' lang='grc' dir='ltr'><strong><em>εἶτα</em></strong></span> <span class='ocrx_word' id='word_1_49' title='bbox 600 804 805 894; x_wconf 84' lang='grc' dir='ltr'><strong><em>φαράσαντα</em></strong></span> <span class='ocrx_word' id='word_1_50' title='bbox 845 807 901 874; x_wconf 80' lang='grc' dir='ltr'><strong><em>καὶ</em></strong></span> <span class='ocrx_word' id='word_1_51' title='bbox 942 805 1094 895; x_wconf 83' lang='grc' dir='ltr'><strong><em>μηνυτὴν</em></strong></span> 
     </span>
     <span class='ocr_line' id='line_1_8' title="bbox 80 911 1093 1001; baseline 0.001 -21"><span class='ocrx_word' id='word_1_52' title='bbox 80 911 264 998; x_wconf 87' lang='grc' dir='ltr'><strong><em>γενόμενον</em></strong></span> <span class='ocrx_word' id='word_1_53' title='bbox 296 918 406 978; x_wconf 85' lang='grc' dir='ltr'><strong><em>αίτιου</em></strong></span> <span class='ocrx_word' id='word_1_54' title='bbox 437 911 598 996; x_wconf 84' lang='grc' dir='ltr'><strong><em>γενέσθαι</em></strong></span> <span class='ocrx_word' id='word_1_55' title='bbox 629 913 675 1001; x_wconf 74' lang='grc' dir='ltr'><strong><em>τῷ</em></strong></span> <span class='ocrx_word' id='word_1_56' title='bbox 706 916 872 1001; x_wconf 78' lang='grc' dir='ltr'><strong><em>νεανίσκῳ</em></strong></span> <span class='ocrx_word' id='word_1_57' title='bbox 909 915 968 999; x_wconf 77' lang='grc' dir='ltr'><strong><em>τῆς</em></strong></span> <span class='ocrx_word' id='word_1_58' title='bbox 1004 915 1093 981; x_wconf 84' lang='grc' dir='ltr'><strong><em>έκτο·</em></strong></span> 
     </span>
     <span class='ocr_line' id='line_1_9' title="bbox 80 1012 1094 1107; baseline 0.005 -25"><span class='ocrx_word' id='word_1_59' title='bbox 80 1020 151 1105; x_wconf 81' lang='grc' dir='ltr'><strong><em>μῇς.</em></strong></span> <span class='ocrx_word' id='word_1_60' title='bbox 191 1012 213 1104; x_wconf 79' lang='grc' dir='ltr'><em>ἡ</em></span> <span class='ocrx_word' id='word_1_61' title='bbox 242 1014 280 1083; x_wconf 72' lang='grc' dir='ltr'><strong><em>δὲ</em></strong></span> <span class='ocrx_word' id='word_1_62' title='bbox 298 1013 419 1103; x_wconf 80' lang='grc' dir='ltr'><strong><em>ἐκτομὴ</em></strong></span> <span class='ocrx_word' id='word_1_63' title='bbox 446 1021 511 1096; x_wconf 83' lang='grc' dir='ltr'><strong><em>τίς;</em></strong></span> <span class='ocrx_word' id='word_1_64' title='bbox 539 1014 641 1103; x_wconf 80' lang='grc' dir='ltr'><strong><em>έποχη</em></strong></span> <span class='ocrx_word' id='word_1_65' title='bbox 664 1019 723 1105; x_wconf 76' lang='grc' dir='ltr'><strong><em>τῆς</em></strong></span> <span class='ocrx_word' id='word_1_66' title='bbox 742 1013 902 1106; x_wconf 80' lang='grc' dir='ltr'><strong><em>ἀπειρίας·</em></strong></span> <span class='ocrx_word' id='word_1_67' title='bbox 933 1023 1010 1105; x_wconf 78' lang='grc' dir='ltr'><strong><em>ἔστη</em></strong></span> <span class='ocrx_word' id='word_1_68' title='bbox 1029 1017 1094 1107; x_wconf 80' lang='grc' dir='ltr'><strong><em>γὰρ</em></strong></span> 
     </span>
     <span class='ocr_line' id='line_1_10' title="bbox 81 1116 1094 1211; baseline 0.001 -20"><span class='ocrx_word' id='word_1_69' title='bbox 81 1119 122 1211; x_wconf 78' lang='grc' dir='ltr'><strong><em>δὴ</em></strong></span> <span class='ocrx_word' id='word_1_70' title='bbox 150 1120 192 1190; x_wconf 78' lang='grc' dir='ltr'><strong><em>τὰ</em></strong></span> <span class='ocrx_word' id='word_1_71' title='bbox 220 1124 278 1208; x_wconf 75' lang='grc' dir='ltr'><strong><em>τῆς</em></strong></span> <span class='ocrx_word' id='word_1_72' title='bbox 305 1122 466 1207; x_wconf 88' lang='grc' dir='ltr'><strong><em>γενέσεως</em></strong></span> <span class='ocrx_word' id='word_1_73' title='bbox 493 1122 530 1189; x_wconf 86' lang='grc' dir='ltr'><strong><em>έν</em></strong></span> <span class='ocrx_word' id='word_1_74' title='bbox 558 1116 755 1210; x_wconf 73' lang='grc' dir='ltr'><strong><em>ὡρισμένοις</em></strong></span> <span class='ocrx_word' id='word_1_75' title='bbox 781 1136 851 1203; x_wconf 81' lang='grc' dir='ltr'><strong><em>τοῖς</em></strong></span> <span class='ocrx_word' id='word_1_76' title='bbox 878 1127 1004 1192; x_wconf 75' lang='grc' dir='ltr'><strong><em>εἴδεσιν</em></strong></span> <span class='ocrx_word' id='word_1_77' title='bbox 1027 1120 1094 1192; x_wconf 88' lang='grc' dir='ltr'><strong><em>ύπὸ</em></strong></span> 
     </span>
     <span class='ocr_line' id='line_1_11' title="bbox 40 1226 1219 1319; baseline 0 -21"><span class='ocrx_word' id='word_1_78' title='bbox 40 1260 67 1298; x_wconf 76' lang='grc' dir='ltr'><strong><em>ιο</em></strong></span> <span class='ocrx_word' id='word_1_79' title='bbox 81 1256 138 1316; x_wconf 88' lang='grc' dir='ltr'><strong><em>της</em></strong></span> <span class='ocrx_word' id='word_1_80' title='bbox 166 1229 407 1315; x_wconf 89' lang='grc' dir='ltr'><strong><em>δημιουργικης</em></strong></span> <span class='ocrx_word' id='word_1_81' title='bbox 435 1227 652 1314; x_wconf 82' lang='grc' dir='ltr'><strong><em>έπισχεθέντα</em></strong></span> <span class='ocrx_word' id='word_1_82' title='bbox 674 1234 893 1319; x_wconf 77' lang='grc' dir='ltr'><strong><em>προμηθείας,</em></strong></span> <span class='ocrx_word' id='word_1_83' title='bbox 922 1226 985 1298; x_wconf 90' lang='grc' dir='ltr'><strong><em>ούκ</em></strong></span> <span class='ocrx_word' id='word_1_84' title='bbox 1012 1227 1137 1298; x_wconf 82' lang='grc' dir='ltr'><strong><em>ἀνευΙ)</em></strong></span> <span class='ocrx_word' id='word_1_85' title='bbox 1215 1227 1219 1237; x_wconf 75' lang='grc'><strong><em>’</em></strong></span> 
     </span>
     <span class='ocr_line' id='line_1_12' title="bbox 81 1331 1094 1435; baseline -0.003 -28"><span class='ocrx_word' id='word_1_86' title='bbox 81 1361 139 1423; x_wconf 82' lang='grc' dir='ltr'><strong><em>της</em></strong></span> <span class='ocrx_word' id='word_1_87' title='bbox 165 1336 227 1402; x_wconf 82' lang='grc' dir='ltr'><strong><em>τοῦ</em></strong></span> <span class='ocrx_word' id='word_1_88' title='bbox 246 1331 396 1414; x_wconf 79' lang='grc' dir='ltr'><strong><em>’Ἁττιδος</em></strong></span> <span class='ocrx_word' id='word_1_89' title='bbox 424 1335 604 1435; x_wconf 71' lang='grc' dir='ltr'><strong><em>λεγομένης</em></strong></span> <span class='ocrx_word' id='word_1_90' title='bbox 629 1334 904 1423; x_wconf 80' lang='grc' dir='ltr'><strong><em>παραφροσύνης,</em></strong></span> <span class='ocrx_word' id='word_1_91' title='bbox 932 1331 1010 1424; x_wconf 78' lang='grc' dir='ltr'><strong><em>ἣτὸ</em></strong></span> <span class='ocrx_word' id='word_1_92' title='bbox 1038 1363 1094 1423; x_wconf 91' lang='grc' dir='ltr'><strong><em>με-</em></strong></span> 
     </span>
     <span class='ocr_line' id='line_1_13' title="bbox 81 1432 1095 1566; baseline 0.004 -59"><span class='ocrx_word' id='word_1_93' title='bbox 81 1466 178 1566; x_wconf 86' lang='grc' dir='ltr'><strong><em>τριον</em></strong></span> <span class='ocrx_word' id='word_1_94' title='bbox 214 1440 407 1526; x_wconf 84' lang='grc' dir='ltr'><strong><em>έξισταμέυη</em></strong></span> <span class='ocrx_word' id='word_1_95' title='bbox 435 1439 490 1507; x_wconf 79' lang='grc' dir='ltr'><strong><em>καὶ</em></strong></span> <span class='ocrx_word' id='word_1_96' title='bbox 523 1432 775 1530; x_wconf 81' lang='grc' dir='ltr'><strong><em>ὑπερβαίνουσα</em></strong></span> <span class='ocrx_word' id='word_1_97' title='bbox 806 1443 863 1510; x_wconf 76' lang='grc' dir='ltr'><strong><em>καὶ</em></strong></span> <span class='ocrx_word' id='word_1_98' title='bbox 899 1439 957 1510; x_wconf 91' lang='grc' dir='ltr'><strong><em>δια</em></strong></span> <span class='ocrx_word' id='word_1_99' title='bbox 997 1444 1095 1511; x_wconf 85' lang='grc' dir='ltr'><strong><em>τούτο</em></strong></span> 
     </span>
     <span class='ocr_line' id='line_1_14' title="bbox 85 1542 1095 1636; baseline 0.002 -23"><span class='ocrx_word' id='word_1_100' title='bbox 85 1542 194 1632; x_wconf 84' lang='grc' dir='ltr'><strong><em>ω’σπερ</em></strong></span> <span class='ocrx_word' id='word_1_101' title='bbox 230 1545 458 1636; x_wconf 75' lang='grc' dir='ltr'><strong><em>έξασθενούσα</em></strong></span> <span class='ocrx_word' id='word_1_102' title='bbox 494 1546 550 1613; x_wconf 78' lang='grc' dir='ltr'><strong><em>καὶ</em></strong></span> <span class='ocrx_word' id='word_1_103' title='bbox 583 1542 700 1615; x_wconf 80' lang='grc' dir='ltr'><strong><em>οὐκέθ’</em></strong></span> <span class='ocrx_word' id='word_1_104' title='bbox 735 1542 837 1635; x_wconf 83' lang='grc' dir='ltr'><strong><em>αύτῆς</em></strong></span> <span class='ocrx_word' id='word_1_105' title='bbox 869 1544 955 1615; x_wconf 80' lang='grc' dir='ltr'><strong><em>εἶναι</em></strong></span> <span class='ocrx_word' id='word_1_106' title='bbox 992 1553 1095 1616; x_wconf 91' lang='grc' dir='ltr'><strong><em>δυνα-</em></strong></span> 
     </span>
     <span class='ocr_line' id='line_1_15' title="bbox 83 1647 1096 1739; baseline 0.002 -20"><span class='ocrx_word' id='word_1_107' title='bbox 83 1653 178 1739; x_wconf 84' lang='grc' dir='ltr'><strong><em>μένη·</em></strong></span> <span class='ocrx_word' id='word_1_108' title='bbox 208 1647 226 1719; x_wconf 87' lang='lat'>6</span> <span class='ocrx_word' id='word_1_109' title='bbox 246 1648 288 1737; x_wconf 79' lang='grc' dir='ltr'><strong><em>δὴ</em></strong></span> <span class='ocrx_word' id='word_1_110' title='bbox 306 1651 383 1738; x_wconf 80' lang='grc' dir='ltr'><strong><em>περὶ</em></strong></span> <span class='ocrx_word' id='word_1_111' title='bbox 401 1648 462 1736; x_wconf 79' lang='grc' dir='ltr'><strong><em>τὴν</em></strong></span> <span class='ocrx_word' id='word_1_112' title='bbox 489 1657 682 1720; x_wconf 75' lang='grc' dir='ltr'><strong><em>τελευταίαν</em></strong></span> <span class='ocrx_word' id='word_1_113' title='bbox 709 1648 896 1739; x_wconf 76' lang='grc' dir='ltr'><strong><em>ὑποστῆναι</em></strong></span> <span class='ocrx_word' id='word_1_114' title='bbox 918 1655 986 1720; x_wconf 76' lang='grc' dir='ltr'><strong><em>τῶν</em></strong></span> <span class='ocrx_word' id='word_1_115' title='bbox 1004 1656 1096 1722; x_wconf 75' lang='grc' dir='ltr'><strong><em>θεῶν</em></strong></span> 
     </span>
     <span class='ocr_line' id='line_1_16' title="bbox 43 1749 1096 1842; baseline -0.001 -16"><span class='ocrx_word' id='word_1_116' title='bbox 43 1787 69 1827; x_wconf 79' lang='grc' dir='ltr'><strong><em>ιτ</em></strong></span> <span class='ocrx_word' id='word_1_117' title='bbox 84 1762 195 1825; x_wconf 80' lang='grc' dir='ltr'><strong><em>αἰτίαν</em></strong></span> <span class='ocrx_word' id='word_1_118' title='bbox 227 1753 290 1824; x_wconf 88' lang='grc' dir='ltr'><strong><em>ούκ</em></strong></span> <span class='ocrx_word' id='word_1_119' title='bbox 322 1755 454 1842; x_wconf 87' lang='grc' dir='ltr'><strong><em>ἀλογον.</em></strong></span> <span class='ocrx_word' id='word_1_120' title='bbox 501 1755 616 1826; x_wconf 87' lang='grc' dir='ltr'><strong><em>σκόπει</em></strong></span> <span class='ocrx_word' id='word_1_121' title='bbox 652 1749 715 1825; x_wconf 82' lang='grc' dir='ltr'><strong><em>οὖν</em></strong></span> <span class='ocrx_word' id='word_1_122' title='bbox 748 1753 977 1826; x_wconf 78' lang='grc' dir='ltr'><strong><em>ἀναλλοίωτον</em></strong></span> <span class='ocrx_word' id='word_1_123' title='bbox 1012 1756 1096 1828; x_wconf 84' lang='grc' dir='ltr'><strong><em>κατὰ</em></strong></span> 
     </span>
     <span class='ocr_line' id='line_1_17' title="bbox 83 1859 1096 1951; baseline 0.001 -20"><span class='ocrx_word' id='word_1_124' title='bbox 83 1866 194 1932; x_wconf 89' lang='grc' dir='ltr'><strong><em>πάσαυ</em></strong></span> <span class='ocrx_word' id='word_1_125' title='bbox 231 1859 411 1931; x_wconf 82' lang='grc' dir='ltr'><strong><em>ἀλλοίωσιν</em></strong></span> <span class='ocrx_word' id='word_1_126' title='bbox 442 1860 479 1931; x_wconf 86' lang='grc' dir='ltr'><strong><em>τὸ</em></strong></span> <span class='ocrx_word' id='word_1_127' title='bbox 513 1864 662 1950; x_wconf 83' lang='grc' dir='ltr'><strong><em>πέμπτον</em></strong></span> <span class='ocrx_word' id='word_1_128' title='bbox 692 1862 864 1950; x_wconf 79' lang='grc' dir='ltr'><strong><em>θεώμενος</em></strong></span> <span class='ocrx_word' id='word_1_129' title='bbox 895 1866 990 1950; x_wconf 77' lang='grc' dir='ltr'><strong><em>σῶμα</em></strong></span> <span class='ocrx_word' id='word_1_130' title='bbox 1021 1865 1096 1951; x_wconf 86' lang='grc' dir='ltr'><strong><em>περὶ</em></strong></span> 
     </span>
     <span class='ocr_line' id='line_1_18' title="bbox 83 1964 1096 2056; baseline 0 -20"><span class='ocrx_word' id='word_1_131' title='bbox 83 1966 162 2049; x_wconf 83' lang='grc' dir='ltr'><strong><em>τοὺς</em></strong></span> <span class='ocrx_word' id='word_1_132' title='bbox 190 1964 384 2055; x_wconf 82' lang='grc' dir='ltr'><strong><em>φωτισμούς</em></strong></span> <span class='ocrx_word' id='word_1_133' title='bbox 410 1970 468 2055; x_wconf 77' lang='grc' dir='ltr'><strong><em>τῆς</em></strong></span> <span class='ocrx_word' id='word_1_134' title='bbox 491 1967 641 2055; x_wconf 79' lang='grc' dir='ltr'><strong><em>σελήνης,</em></strong></span> <span class='ocrx_word' id='word_1_135' title='bbox 670 1972 726 2037; x_wconf 84' lang='grc' dir='ltr'><strong><em>ἵνα</em></strong></span> <span class='ocrx_word' id='word_1_136' title='bbox 753 1966 872 2037; x_wconf 88' lang='grc' dir='ltr'><strong><em>λοιπὸν</em></strong></span> <span class='ocrx_word' id='word_1_137' title='bbox 900 1964 918 2037; x_wconf 90' lang='lat'>6</span> <span class='ocrx_word' id='word_1_138' title='bbox 947 1972 1096 2056; x_wconf 76' lang='grc' dir='ltr'><strong><em>συνεχῶς</em></strong></span> 
     </span>
     <span class='ocr_line' id='line_1_19' title="bbox 84 2070 1096 2165; baseline -0.002 -23"><span class='ocrx_word' id='word_1_139' title='bbox 84 2073 281 2161; x_wconf 88' lang='grc' dir='ltr'><strong><em>γιγνόμενός</em></strong></span> <span class='ocrx_word' id='word_1_140' title='bbox 311 2099 346 2141; x_wconf 92' lang='grc' dir='ltr'><strong><em>τε</em></strong></span> <span class='ocrx_word' id='word_1_141' title='bbox 381 2075 438 2141; x_wconf 79' lang='grc' dir='ltr'><strong><em>καὶ</em></strong></span> <span class='ocrx_word' id='word_1_142' title='bbox 470 2070 697 2161; x_wconf 78' lang='grc' dir='ltr'><strong><em>ἀπολλύμενος</em></strong></span> <span class='ocrx_word' id='word_1_143' title='bbox 733 2073 857 2162; x_wconf 87' lang='grc' dir='ltr'><strong><em>κόσμος</em></strong></span> <span class='ocrx_word' id='word_1_144' title='bbox 892 2076 1019 2163; x_wconf 76' lang='grc' dir='ltr'><strong><em>γειτνιᾷ</em></strong></span> <span class='ocrx_word' id='word_1_145' title='bbox 1050 2077 1096 2165; x_wconf 75' lang='grc' dir='ltr'><strong><em>τῷ</em></strong></span> 
     </span>
     <span class='ocr_line' id='line_1_20' title="bbox 84 2175 1150 2270; baseline 0.003 -23"><span class='ocrx_word' id='word_1_146' title='bbox 84 2181 219 2270; x_wconf 79' lang='grc' dir='ltr'><strong><em>πέμπτῳ</em></strong></span> <span class='ocrx_word' id='word_1_147' title='bbox 257 2178 392 2267; x_wconf 80' lang='grc' dir='ltr'><strong><em>σοι’ματι.</em></strong></span> <span class='ocrx_word' id='word_1_148' title='bbox 441 2181 517 2267; x_wconf 81' lang='grc' dir='ltr'><strong><em>περὶ</em></strong></span> <span class='ocrx_word' id='word_1_149' title='bbox 554 2178 634 2261; x_wconf 83' lang='grc' dir='ltr'><strong><em>τοὺς</em></strong></span> <span class='ocrx_word' id='word_1_150' title='bbox 665 2176 858 2267; x_wconf 80' lang='grc' dir='ltr'><strong><em>φωτισμοὺς</em></strong></span> <span class='ocrx_word' id='word_1_151' title='bbox 895 2175 997 2267; x_wconf 79' lang='grc' dir='ltr'><strong><em>αὐτῆς</em></strong></span> <span class='ocrx_word' id='word_1_152' title='bbox 1034 2176 1150 2250; x_wconf 80' lang='grc' dir='ltr'><strong><em>ἀλ-168</em></strong></span> 
     </span>
     <span class='ocr_line' id='line_1_21' title="bbox 44 2282 1097 2374; baseline 0.001 -20"><span class='ocrx_word' id='word_1_153' title='bbox 44 2316 70 2354; x_wconf 81' lang='grc' dir='ltr'><strong><em>εο</em></strong></span> <span class='ocrx_word' id='word_1_154' title='bbox 84 2291 224 2354; x_wconf 88' lang='grc' dir='ltr'><strong><em>λοίασίν</em></strong></span> <span class='ocrx_word' id='word_1_155' title='bbox 250 2312 325 2354; x_wconf 90' lang='grc' dir='ltr'><strong><em>τινα</em></strong></span> <span class='ocrx_word' id='word_1_156' title='bbox 343 2286 400 2354; x_wconf 82' lang='grc' dir='ltr'><strong><em>καλ</em></strong></span> <span class='ocrx_word' id='word_1_157' title='bbox 418 2285 512 2374; x_wconf 89' lang='grc' dir='ltr'><strong><em>πάθη</em></strong></span> <span class='ocrx_word' id='word_1_158' title='bbox 542 2292 772 2373; x_wconf 90' lang='grc' dir='ltr'><strong><em>συμπίπτοντα</em></strong></span> <span class='ocrx_word' id='word_1_159' title='bbox 790 2288 996 2374; x_wconf 79' lang='grc' dir='ltr'><strong><em>θεωροῦμεν.</em></strong></span> <span class='ocrx_word' id='word_1_160' title='bbox 1035 2282 1097 2355; x_wconf 88' lang='grc' dir='ltr'><strong><em>ούκ</em></strong></span> 
     </span>
     <span class='ocr_line' id='line_1_22' title="bbox 84 2383 1098 2479; baseline 0 -19"><span class='ocrx_word' id='word_1_161' title='bbox 84 2389 211 2461; x_wconf 84' lang='grc' dir='ltr'><strong><em>ἀτοπον</em></strong></span> <span class='ocrx_word' id='word_1_162' title='bbox 239 2383 303 2460; x_wconf 82' lang='grc' dir='ltr'><strong><em>οὖν</em></strong></span> <span class='ocrx_word' id='word_1_163' title='bbox 332 2392 392 2478; x_wconf 81' lang='grc' dir='ltr'><strong><em>[εἰ]</em></strong></span> <span class='ocrx_word' id='word_1_164' title='bbox 420 2392 476 2460; x_wconf 80' lang='grc' dir='ltr'><strong><em>καὶ</em></strong></span> <span class='ocrx_word' id='word_1_165' title='bbox 502 2389 563 2461; x_wconf 86' lang='grc' dir='ltr'><strong><em>τὸν</em></strong></span> <span class='ocrx_word' id='word_1_166' title='bbox 584 2389 694 2461; x_wconf 84' lang='grc' dir='ltr'><strong><em>’Άττιν</em></strong></span> <span class='ocrx_word' id='word_1_167' title='bbox 712 2397 834 2462; x_wconf 85' lang='grc' dir='ltr'><strong><em>τούτου</em></strong></span> <span class='ocrx_word' id='word_1_168' title='bbox 861 2386 1005 2479; x_wconf 81' lang='grc' dir='ltr'><strong><em>ἡμίθεύν</em></strong></span> <span class='ocrx_word' id='word_1_169' title='bbox 1023 2417 1098 2460; x_wconf 91' lang='grc' dir='ltr'><strong><em>τινα</em></strong></span> 
     </span>
     <span class='ocr_line' id='line_1_23' title="bbox 84 2493 1099 2588; baseline 0 -23"><span class='ocrx_word' id='word_1_170' title='bbox 84 2495 185 2567; x_wconf 81' lang='grc' dir='ltr'><strong><em>εἶναι·</em></strong></span> <span class='ocrx_word' id='word_1_171' title='bbox 214 2496 370 2588; x_wconf 82' lang='grc' dir='ltr'><strong><em>βούλεται</em></strong></span> <span class='ocrx_word' id='word_1_172' title='bbox 397 2495 463 2584; x_wconf 79' lang='grc' dir='ltr'><strong><em>γὰρ</em></strong></span> <span class='ocrx_word' id='word_1_173' title='bbox 490 2495 533 2585; x_wconf 77' lang='grc' dir='ltr'><strong><em>δὴ</em></strong></span> <span class='ocrx_word' id='word_1_174' title='bbox 561 2499 616 2566; x_wconf 80' lang='grc' dir='ltr'><strong><em>καὶ</em></strong></span> <span class='ocrx_word' id='word_1_175' title='bbox 645 2493 663 2567; x_wconf 86' lang='lat'>6</span> <span class='ocrx_word' id='word_1_176' title='bbox 691 2502 802 2586; x_wconf 83' lang='grc' dir='ltr'><strong><em>μῦθος</em></strong></span> <span class='ocrx_word' id='word_1_177' title='bbox 828 2500 943 2567; x_wconf 87' lang='grc' dir='ltr'><strong><em>τούτο·</em></strong></span> <span class='ocrx_word' id='word_1_178' title='bbox 971 2500 1099 2585; x_wconf 79' lang='grc' dir='ltr'><strong><em>μᾶλλον</em></strong></span> 
     </span>
     <span class='ocr_line' id='line_1_24' title="bbox 84 2601 1127 2695; baseline -0.003 -20"><span class='ocrx_word' id='word_1_179' title='bbox 84 2602 123 2675; x_wconf 72' lang='grc' dir='ltr'><strong><em>δὲ</em></strong></span> <span class='ocrx_word' id='word_1_180' title='bbox 149 2601 235 2672; x_wconf 88' lang='grc' dir='ltr'><strong><em>θεὸν</em></strong></span> <span class='ocrx_word' id='word_1_181' title='bbox 263 2602 324 2690; x_wconf 72' lang='grc' dir='ltr'><strong><em>μὲν</em></strong></span> <span class='ocrx_word' id='word_1_182' title='bbox 350 2605 397 2695; x_wconf 75' lang='grc' dir='ltr'><strong><em>τῷ</em></strong></span> <span class='ocrx_word' id='word_1_183' title='bbox 424 2610 538 2672; x_wconf 90' lang='grc' dir='ltr'><strong><em>παντί·</em></strong></span> <span class='ocrx_word' id='word_1_184' title='bbox 565 2603 701 2692; x_wconf 87' lang='grc' dir='ltr'><strong><em>πρόεισί</em></strong></span> <span class='ocrx_word' id='word_1_185' title='bbox 724 2632 759 2673; x_wconf 89' lang='grc' dir='ltr'><strong><em>τε</em></strong></span> <span class='ocrx_word' id='word_1_186' title='bbox 786 2603 849 2694; x_wconf 85' lang='grc' dir='ltr'><strong><em>γάρ</em></strong></span> <span class='ocrx_word' id='word_1_187' title='bbox 878 2606 914 2672; x_wconf 85' lang='grc' dir='ltr'><strong><em>ἐκ</em></strong></span> <span class='ocrx_word' id='word_1_188' title='bbox 941 2606 1002 2674; x_wconf 87' lang='grc' dir='ltr'><strong><em>τού</em></strong></span> <span class='ocrx_word' id='word_1_189' title='bbox 1029 2609 1097 2691; x_wconf 91' lang='grc' dir='ltr'><strong><em>τρί-</em></strong></span> <span class='ocrx_word' id='word_1_190' title='bbox 1125 2658 1127 2661; x_wconf 86' lang='grc'>-</span> 
     </span>
     <span class='ocr_line' id='line_1_25' title="bbox 84 2707 1098 2798; baseline -0.001 -21"><span class='ocrx_word' id='word_1_191' title='bbox 84 2735 147 2777; x_wconf 90' lang='grc' dir='ltr'><strong><em>του</em></strong></span> <span class='ocrx_word' id='word_1_192' title='bbox 175 2711 385 2798; x_wconf 75' lang='grc' dir='ltr'><strong><em>δημιουργοῦ</em></strong></span> <span class='ocrx_word' id='word_1_193' title='bbox 413 2710 469 2777; x_wconf 79' lang='grc' dir='ltr'><strong><em>καὶ</em></strong></span> <span class='ocrx_word' id='word_1_194' title='bbox 497 2709 695 2795; x_wconf 79' lang='grc' dir='ltr'><strong><em>έπαυάγεται</em></strong></span> <span class='ocrx_word' id='word_1_195' title='bbox 722 2710 824 2780; x_wconf 89' lang='grc' dir='ltr'><strong><em>πάλιν</em></strong></span> <span class='ocrx_word' id='word_1_196' title='bbox 852 2710 905 2778; x_wconf 78' lang='grc' dir='ltr'><strong><em>ἐπὶ</em></strong></span> <span class='ocrx_word' id='word_1_197' title='bbox 932 2707 995 2796; x_wconf 82' lang='grc' dir='ltr'><strong><em>τὴν</em></strong></span> <span class='ocrx_word' id='word_1_198' title='bbox 1021 2717 1098 2797; x_wconf 72' lang='grc' dir='ltr'><strong><em>Μη;</em></strong></span> 
     </span>
     <span class='ocr_line' id='line_1_26' title="bbox 45 2811 1099 2905; baseline 0 -23"><span class='ocrx_word' id='word_1_199' title='bbox 45 2842 71 2882; x_wconf 81' lang='lat'><strong><em>25</em></strong></span> <span class='ocrx_word' id='word_1_200' title='bbox 84 2816 164 2904; x_wconf 85' lang='grc' dir='ltr'><strong><em>τέρα</em></strong></span> <span class='ocrx_word' id='word_1_201' title='bbox 200 2818 269 2882; x_wconf 77' lang='grc' dir='ltr'><strong><em>τῶν</em></strong></span> <span class='ocrx_word' id='word_1_202' title='bbox 303 2818 397 2884; x_wconf 77' lang='grc' dir='ltr'><strong><em>θεῶν</em></strong></span> <span class='ocrx_word' id='word_1_203' title='bbox 432 2811 513 2900; x_wconf 87' lang='grc' dir='ltr'><strong><em>μετά</em></strong></span> <span class='ocrx_word' id='word_1_204' title='bbox 548 2814 611 2903; x_wconf 78' lang='grc' dir='ltr'><strong><em>τὴν</em></strong></span> <span class='ocrx_word' id='word_1_205' title='bbox 642 2816 797 2905; x_wconf 80' lang='grc' dir='ltr'><strong><em>ἐντομήν·</em></strong></span> <span class='ocrx_word' id='word_1_206' title='bbox 836 2815 906 2886; x_wconf 80' lang='grc' dir='ltr'><strong><em>ἐπεὶ</em></strong></span> <span class='ocrx_word' id='word_1_207' title='bbox 939 2814 976 2883; x_wconf 75' lang='grc' dir='ltr'><strong><em>δὲ</em></strong></span> <span class='ocrx_word' id='word_1_208' title='bbox 1015 2811 1099 2893; x_wconf 77' lang='grc' dir='ltr'><strong><em>ὅλοις</em></strong></span> 
     </span>
     <span class='ocr_line' id='line_1_27' title="bbox 86 2918 1100 3016; baseline -0.003 -28"><span class='ocrx_word' id='word_1_209' title='bbox 86 2922 199 3010; x_wconf 82' lang='grc' dir='ltr'><strong><em>ῥέπειν</em></strong></span> <span class='ocrx_word' id='word_1_210' title='bbox 225 2922 357 3016; x_wconf 74' lang='grc' dir='ltr'><strong><em>πέπεικε</em></strong></span> <span class='ocrx_word' id='word_1_211' title='bbox 383 2919 499 2990; x_wconf 90' lang='grc' dir='ltr'><strong><em>νεύειν</em></strong></span> <span class='ocrx_word' id='word_1_212' title='bbox 522 2926 570 3001; x_wconf 88' lang='grc' dir='ltr'><strong><em>είς</em></strong></span> <span class='ocrx_word' id='word_1_213' title='bbox 595 2921 658 3011; x_wconf 77' lang='grc' dir='ltr'><strong><em>τὴν</em></strong></span> <span class='ocrx_word' id='word_1_214' title='bbox 684 2918 771 3010; x_wconf 82' lang='grc' dir='ltr'><strong><em>ύλην</em></strong></span> <span class='ocrx_word' id='word_1_215' title='bbox 798 2927 901 3007; x_wconf 83' lang='grc' dir='ltr'><strong><em>δοκεῖ,</em></strong></span> <span class='ocrx_word' id='word_1_216' title='bbox 927 2921 1020 2988; x_wconf 74' lang='grc' dir='ltr'><strong><em>θεῶν</em></strong></span> <span class='ocrx_word' id='word_1_217' title='bbox 1038 2919 1100 3006; x_wconf 70' lang='grc' dir='ltr'><strong><em>μὲν</em></strong></span> 
     </span>
     <span class='ocr_line' id='line_1_28' title="bbox 85 3022 1099 3115; baseline -0.003 -20"><span class='ocrx_word' id='word_1_218' title='bbox 85 3033 237 3114; x_wconf 78' lang='grc' dir='ltr'><strong><em>ἔσχατον,</em></strong></span> <span class='ocrx_word' id='word_1_219' title='bbox 265 3027 404 3115; x_wconf 75' lang='grc' dir='ltr'><strong><em>ἔξαρχον</em></strong></span> <span class='ocrx_word' id='word_1_220' title='bbox 431 3026 469 3095; x_wconf 74' lang='grc' dir='ltr'><strong><em>δὲ</em></strong></span> <span class='ocrx_word' id='word_1_221' title='bbox 496 3029 563 3096; x_wconf 75' lang='grc' dir='ltr'><strong><em>τῶν</em></strong></span> <span class='ocrx_word' id='word_1_222' title='bbox 585 3033 692 3097; x_wconf 85' lang='grc' dir='ltr'><strong><em>θείων</em></strong></span> <span class='ocrx_word' id='word_1_223' title='bbox 718 3031 828 3115; x_wconf 76' lang='grc' dir='ltr'><strong><em>γενῶν</em></strong></span> <span class='ocrx_word' id='word_1_224' title='bbox 856 3023 1013 3096; x_wconf 80' lang='grc' dir='ltr'><strong><em>ἁπάντων</em></strong></span> <span class='ocrx_word' id='word_1_225' title='bbox 1037 3022 1099 3093; x_wconf 91' lang='grc' dir='ltr'><strong><em>ούκ</em></strong></span> 
     </span>
    </p>
   </div>
   <div class='ocr_carea' id='block_1_3' title="bbox 86 3295 1101 3570">
    <p class='ocr_par' dir='ltr' id='par_1_3' title="bbox 86 3295 1100 3570">
     <span class='ocr_line' id='line_1_29' title="bbox 143 3295 1100 3382; baseline -0.001 -30.986"><span class='ocrx_word' id='word_1_226' title='bbox 143 3298 383 3382; x_wconf 79' lang='grc' dir='ltr'><strong><em>Ῑπροεστῶοαν]</em></strong></span> <span class='ocrx_word' id='word_1_227' title='bbox 402 3301 462 3352; x_wconf 83' lang='lat' dir='ltr'>vid.</span> <span class='ocrx_word' id='word_1_228' title='bbox 483 3303 519 3354; x_wconf 82' lang='lat' dir='ltr'><strong><em>ad</em></strong></span> <span class='ocrx_word' id='word_1_229' title='bbox 537 3302 624 3354; x_wconf 83' lang='grc'>1651)</span> <span class='ocrx_word' id='word_1_230' title='bbox 692 3295 909 3368; x_wconf 51' lang='lat' dir='ltr'><strong><em>mmm)</em></strong></span> <span class='ocrx_word' id='word_1_231' title='bbox 937 3298 1100 3382; x_wconf 78' lang='grc' dir='ltr'><strong><em>οφησι]</em></strong></span> 
     </span>
     <span class='ocr_line' id='line_1_30' title="bbox 112 3357 1099 3436; baseline -0.002 -15.96"><span class='ocrx_word' id='word_1_232' title='bbox 112 3383 178 3435; x_wconf 85' lang='grc' dir='ltr'><strong><em>ησιν</em></strong></span> <span class='ocrx_word' id='word_1_233' title='bbox 192 3362 211 3421; x_wconf 97' lang='lat'>6</span> <span class='ocrx_word' id='word_1_234' title='bbox 232 3367 351 3433; x_wconf 71' lang='grc' dir='ltr'><strong><em>μύθοςῖ</em></strong></span> <span class='ocrx_word' id='word_1_235' title='bbox 419 3371 435 3420; x_wconf 84' lang='grc'>9</span> <span class='ocrx_word' id='word_1_236' title='bbox 454 3367 564 3422; x_wconf 77' lang='grc' dir='ltr'><strong><em>εἴδεσιν</em></strong></span> <span class='ocrx_word' id='word_1_237' title='bbox 575 3368 612 3436; x_wconf 90' lang='grc' dir='ltr'><strong><em>Η]</em></strong></span> <span class='ocrx_word' id='word_1_238' title='bbox 633 3367 724 3421; x_wconf 69' lang='grc' dir='ltr'><strong><em>εἴδεσι</em></strong></span> <span class='ocrx_word' id='word_1_239' title='bbox 795 3370 826 3418; x_wconf 90' lang='grc'><strong><em>11</em></strong></span> <span class='ocrx_word' id='word_1_240' title='bbox 840 3372 868 3418; x_wconf 81' lang='lat' dir='ltr'><strong><em>et</em></strong></span> <span class='ocrx_word' id='word_1_241' title='bbox 882 3370 913 3418; x_wconf 83' lang='lat'><strong><em>12</em></strong></span> <span class='ocrx_word' id='word_1_242' title='bbox 931 3357 950 3434; x_wconf 81' lang='grc' dir='ltr'><em>ἣ</em></span> <span class='ocrx_word' id='word_1_243' title='bbox 969 3384 1002 3419; x_wconf 91' lang='grc' dir='ltr'><strong><em>το</em></strong></span> <span class='ocrx_word' id='word_1_244' title='bbox 1019 3383 1099 3433; x_wconf 88' lang='grc' dir='ltr'><strong><em>μετρ.</em></strong></span> 
     </span>
     <span class='ocr_line' id='line_1_31' title="bbox 87 3385 1101 3502; baseline -0.003 -14"><span class='ocrx_word' id='word_1_245' title='bbox 87 3385 183 3502; x_wconf 45' lang='lat' dir='ltr'><strong><em>aaut]</em></strong></span> <span class='ocrx_word' id='word_1_246' title='bbox 201 3437 290 3488; x_wconf 74' lang='lat' dir='ltr'><strong>Deest</strong></span> <span class='ocrx_word' id='word_1_247' title='bbox 308 3436 412 3486; x_wconf 81' lang='lat' dir='ltr'><strong>alieubi</strong></span> <span class='ocrx_word' id='word_1_248' title='bbox 429 3437 543 3488; x_wconf 81' lang='lat' dir='ltr'><strong>verbum</strong></span> <span class='ocrx_word' id='word_1_249' title='bbox 559 3435 667 3487; x_wconf 82' lang='lat' dir='ltr'><strong>finitum</strong></span> <span class='ocrx_word' id='word_1_250' title='bbox 735 3439 768 3486; x_wconf 81' lang='lat'><strong><em>21</em></strong></span> <span class='ocrx_word' id='word_1_251' title='bbox 788 3431 835 3501; x_wconf 82' lang='grc' dir='ltr'><strong><em>[εί]</em></strong></span> <span class='ocrx_word' id='word_1_252' title='bbox 854 3432 916 3502; x_wconf 84' lang='grc' dir='ltr'><strong><em>καλ]</em></strong></span> <span class='ocrx_word' id='word_1_253' title='bbox 936 3427 1101 3488; x_wconf 84' lang='grc' dir='ltr'><strong><em>είκάσαιΒ.</em></strong></span> 
     </span>
     <span class='ocr_line' id='line_1_32' title="bbox 86 3498 898 3570; baseline -0.001 -16"><span class='ocrx_word' id='word_1_254' title='bbox 86 3503 247 3554; x_wconf 80' lang='lat' dir='ltr'>Friederich</span> <span class='ocrx_word' id='word_1_255' title='bbox 316 3498 385 3554; x_wconf 76' lang='lat'><strong><em>26‘</em></strong></span> <span class='ocrx_word' id='word_1_256' title='bbox 367 3519 466 3568; x_wconf 88' lang='grc' dir='ltr'><strong><em>ρεπειν</em></strong></span> <span class='ocrx_word' id='word_1_257' title='bbox 484 3499 616 3570; x_wconf 82' lang='grc' dir='ltr'><strong><em>πέπεικε]</em></strong></span> <span class='ocrx_word' id='word_1_258' title='bbox 640 3499 739 3570; x_wconf 71' lang='grc' dir='ltr'><strong><em>δέπειν</em></strong></span> <span class='ocrx_word' id='word_1_259' title='bbox 757 3501 807 3554; x_wconf 82' lang='grc' dir='ltr'><strong><em>καλ</em></strong></span> <span class='ocrx_word' id='word_1_260' title='bbox 825 3503 898 3555; x_wconf 77' lang='lat' dir='ltr'>idem</span> 
     </span>
    </p>
   </div>
   <div class='ocr_carea' id='block_1_4' title="bbox 0 0 1235 3870">
    <p class='ocr_par' dir='ltr' id='par_1_4' title="bbox 0 0 1235 3870">
     <span class='ocr_line' id='line_1_33' title="bbox 0 0 1235 3870; baseline 0 0"><span class='ocrx_word' id='word_1_261' title='bbox 0 0 1235 3870; x_wconf 95' lang='lat' dir='ltr'><strong><em> </em></strong></span> 
     </span>
    </p>
   </div>
  </div>
 </body>
</html>
