2446 3870
159 185 200 250 86
455 189 600 241 IULIANI
622 188 872 240 IMPERATORIS

136 320 260 403 ’ματος
291 312 385 397 πεζὸς
418 320 660 403 διαγωνίζεται,
694 319 729 384 οι*
754 315 791 384 δὲ
819 316 984 404 πρότερον
1012 312 1076 384 άπδ
1105 315 1198 385 τῶν

157 423 276 508 τειχῶν
303 421 531 509 ἐναυμάχουν,
563 423 656 504 τέλος
690 421 726 491 δὲ
755 426 790 491 οί
814 423 875 509 μὲν
909 425 977 490 τῶν
1005 422 1173 503 ἐπάλξεων

157 524 249 608 εἶξαν
275 528 420 596 καὶτῶν
447 531 545 614 νεῶν,
573 533 609 597 οί
624 527 662 597 δὲ
686 531 807 597 ἐνίκων
826 534 931 597 ναυσί
954 555 989 596 τε
1017 528 1175 610 ἐπιόντας

156 634 212 702 καί
249 635 326 721 πεζῇ
363 631 442 714 τούς
477 640 663 722 πολεμίους.
710 631 793 703 άλλδι
830 633 895 722 γάρ
935 625 974 703 εὖ
1009 636 1118 703 ποιῶν
1155 631 1174 703 ό

157 739 256 824 λόγος
283 741 336 808 ἐπὶ
363 737 423 808 τὸν
442 737 583 830 Ἕκτορα
602 743 657 809 καλ
685 738 745 810 τὸν
763 739 982 829 Σαρπηδόνα,
1010 737 1072 809 οὐκ
1089 738 1197 811 οίδαι

117 842 261 931 Οόπως,
289 841 465 935 ὑπηνέχθη
498 849 554 915 καὶ
583 843 635 916 ἐπ’
665 844 748 916 αύτό
781 848 822 933 γέ
846 867 932 935 φασι
963 848 1032 915 τῶν
1064 849 1175 936 ἔργων

155 950 192 1020 τὸ
221 952 420 1040 κεφάλαιον,
453 952 515 1042 τὴν
542 960 742 1041 καθαίρεσιν
768 955 830 1022 τοῦ
856 958 1000 1040 τείχους,
1029 949 1087 1043 (δ)
1115 958 1174 1045 μιᾷ

156 1058 320 1148 πρότερον
357 1054 463 1150 ἡμέρα
499 1057 580 1141 τούς
613 1056 764 1148 Ἀχαιούς
800 1077 900 1147 φησι,
935 1061 997 1126 τοῦ
1039 1066 1180 1129 Πυλίου

157 1167 362 1253 δημαγωγοῦ
405 1167 462 1234 καὶ
503 1167 664 1253 βασιλέως
705 1167 965 1253 ξυμπείδοντος,
1006 1161 1175 1254 άρρηκτον

157 1274 250 1359 νηῶν
277 1296 312 1338 τε
339 1272 395 1340 καὶ
423 1267 536 1340 αύτῶν
563 1269 655 1361 εἶλαρ
683 1271 1005 1340 κατασκευάσασθαι.
1052 1270 1174 1358 σχεδὸν
1189 1307 1220 1364 ιο

157 1377 222 1465 γάρ
249 1403 306 1463 μοι
332 1378 432 1446 τούτο
461 1383 616 1464 φαίνεται
642 1375 680 1446 τὸ
709 1376 949 1465 γενναιότατον
975 1377 1044 1445 τῶν
1063 1383 1174 1467 ἔργων

150 1478 317 1572 Ἕκτορος,
344 1484 401 1551 καὶ
429 1480 505 1571 ούχὶ
524 1483 679 1553 Γλαύκου
706 1485 804 1572 τέχνη
833 1497 986 1552 συνεῖναι
1015 1478 1096 1552 ούδὲ
1114 1504 1172 1554 σο-

158 1590 310 1678 φωτέρας
328 1591 477 1670 ἐπινοίας
496 1595 612 1678 δεῖται,
636 1586 783 1679 Ὁμήρου
803 1592 920 1678 σαφῶς
943 1588 1173 1677 διδάσκοντος,

158 1690 205 1775 ῶς
229 1692 397 1783 Ἀχιλλέως
424 1695 485 1783 μὲν
513 1699 679 1784 φανέντος

236 1836 377 1908 ἐδύσατο
407 1833 558 1927 οὐλαμὸν
586 1836 731 1927 ἀνδρῶν.
913 1862 916 1864 ·
963 1902 975 1923 ,
1189 1871 1213 1912 15

46 2016 48 2022 ·
111 1974 397 2068 ΒἈγαμέμνονος
424 1968 474 2050 δέ
488 1996 558 2063 τοῖς
589 1965 721 2071 Τρωσὶν
756 1980 964 2067 ἐπικειμένου
991 1981 1047 2049 καὶ
1075 1983 1109 2061 ές
1135 1980 1174 2051 τδ

155 2099 263 2173 τεῖχος
290 2088 555 2170 καταδιώξαντος
574 2086 716 2178 Ἕκτορα
743 2084 851 2173 ύπαγε
879 2085 979 2172 Ζεύς,
1006 2091 1064 2155 ἵνα
1091 2084 1174 2157 άπο-

156 2191 292 2273 σῶζοιτο
311 2190 392 2262 καθ’
422 2190 575 2281 ἡσυχίαν.
612 2199 825 2280 προσπαίζων
849 2191 887 2261 δὲ
906 2188 1011 2262 αύτδν
1039 2188 1172 2285 δποιη-

155 2294 214 2382 τὴς
245 2298 301 2364 καὶ
332 2301 523 2384 καταγελῶν
560 2301 618 2386 τῆς
654 2304 778 2380 δειλίας
815 2294 882 2367 ύπδ
914 2301 953 2387 τῇ
986 2303 1084 2393 φηγῷ
1118 2304 1174 2370 καὶ

156 2398 241 2488 πρὸς
267 2416 339 2483 ταῖς
365 2403 486 2485 πύλαις
513 2402 578 2492 ἤδη
598 2407 779 2497 καθημένῳ
798 2402 861 2494 τὴν
883 2395 965 2494 Ἰριν
992 2402 1087 2493 ἥκειν
1106 2413 1171 2497 ἔφη
1186 2435 1216 2475 ιο

156 2505 246 2597 παρὰ
273 2511 335 2577 τού
362 2506 447 2591 Διὸς
474 2510 670 2601 φράζουσαν
762 2570 764 2573 .

227 2646 330 2740 ”οφρ’
352 2646 395 2720 όν
412 2652 473 2740 μέν
491 2680 550 2724 κεν
569 2650 649 2744 ὁρᾷς
669 2649 897 2741 Ἀγαμέμνονα
918 2654 1062 2741 ποιμένα
1080 2657 1173 2723 λαῶν

103 2769 137 2821 68
237 2754 381 2826 (θύνοντ’
417 2762 454 2827 έν
486 2761 723 2850 προμάχοισιν,
756 2762 934 2849 ἐναίροντα
967 2764 1081 2846 στίχας
1114 2757 1173 2829 άν-

590 2891 592 2895 ·
955 2868 1065 2956 δρῶν,

238 2967 345 3061 Τόφρ’
375 2967 509 3043 ὑπόεικε
536 2973 649 3062 μάχης.
971 3034 975 3039 .
1188 2995 1213 3040 τι

224 3215 239 3263 ’ί
267 3201 282 3264 δ
305 3214 367 3266 αδδ.
385 3214 446 3266 Pet.
518 3217 533 3264 9
560 3204 704 3279 α”ρρηκτον
721 3241 755 3250 -
774 3207 854 3276 εἶλαρ
875 3214 957 3267 Iliad.
984 3213 1012 3279 ξ,
1037 3217 1072 3267 56
1141 3218 1174 3267 10

156 3273 236 3346 είλαρ
252 3281 311 3332 VM
373 3284 404 3332 12
419 3278 506 3348 τέχνη
522 3286 596 3332 cant.
614 3281 769 3345 (Heindorf.
781 3282 817 3332 ad
828 3282 902 3338 Plat,
912 3282 1051 3333 Phaedon.
1062 3285 1112 3335 108
1125 3282 1172 3346 D),

157 3343 243 3417 τέχνη
260 3362 286 3399 v.
322 3348 375 3399 Sed
392 3350 490 3400 neseio
508 3365 544 3400 an
562 3345 664 3416 τέχνης
682 3353 776 3414 potius
794 3366 854 3402 oum
866 3350 984 3402 Reiskio
996 3350 1173 3402 scribendum

156 3416 193 3465 ιιι
245 3417 277 3466 ιτ
294 3415 376 3470 mad.
395 3433 423 3480 ι,
442 3419 491 3471 ωε
561 3419 592 3468 ιτ
610 3405 715 3483 ὕπαγε]
733 3416 813 3469 mad.
833 3418 861 3482 ι,
881 3420 929 3470 ιω
999 3420 1032 3468 18
1054 3408 1069 3470 ὁ
1089 3435 1173 3484 nom·
1219 3484 1221 3487 ¹

139 3474 221 3596 15ch
231 3473 375 3616 affiw
396 3541 416 3603 ὅ
442 3488 478 3604 22
501 3477 664 3605 ιηρδςεταηχ
683 3477 789 3545 πύλαις
810 3481 847 3552 V]
875 3488 941 3546 ταῖς
963 3480 1071 3546 πύλαις
1140 3488 1173 3536 22
1220 3564 1221 3571 ρ

221 3584 227 3596 ’
264 3584 273 3612 ι
416 3568 456 3620 φρ
495 3568 548 3619 Μ
566 3569 617 3605 Η
