2416 3864
145 123 208 188 326
446 124 588 175 mmm
610 123 894 175 IMPERATORIS
885 122 894 146 ·

144 251 238 340 ήκειν
275 254 400 358 ἐκείνω.
420 246 547 346 ἡμεῖς
583 249 620 318 δε
657 265 726 330 τοῖς
762 251 931 339 παροῦσιν
968 246 1159 335 ἀγαπῶντες

88 380 92 387 ’
146 354 198 425 ἀεὶ
226 358 346 426 καὶ
299 384 371 426 των,
392 349 548 426 ἀπόντων
576 353 692 443 ἥκιστα
720 355 998 443 μεταποιούμενοι
1027 356 1157 444 στέργο-

136 490 207 550 Ιμιν
243 465 320 551 μέν,
354 458 502 532 ὁπόταν
518 458 535 530 ὁ
570 462 673 550 ιιήρυξ
712 464 845 550 ἐπαινῇ,
881 460 1005 549 θεατής
1037 487 1071 528 τε
1108 461 1157 528 καλ

139 561 399 656 συναγωνιστὴς
426 568 562 637 πόντων
580 564 661 656 ἡμῖν
689 567 846 655 γεγονός,
873 565 918 656 μὴ
937 565 1018 647 τοὺς
1041 566 1158 652 λόγους

45 709 46 712 “
145 675 415 764 παραδεξάμενος
442 680 490 755 είς
516 702 614 763 χαριν
641 675 698 743 καὶ
725 671 908 762 ἀπέχθειαν
940 675 1014 762 είκῇ
1040 682 1176 742 πεπλαι

146 784 302 869 σμένους·
331 778 426 868 ἀρκεῖ
451 780 489 849 δὲ
516 776 597 868 ἡμῖν
624 782 679 849 καλ
703 788 815 868 φιλεῖν
842 775 1019 867 ὁμολογοῦν
1046 780 1176 866 μόνον,,

146 889 179 968 ἐς
207 886 245 955 (λέ
272 885 312 955 τά
341 885 423 956 ἀλλα
452 886 696 975 σιωπηλότερος
724 881 773 954 ἀν
800 887 857 953 καὶ
884 889 953 953 τῶν
971 885 1156 974 Πυθαγόρα

102 996 379 1065 Ιῖτελεσθέντων.
417 995 566 1063 ἐνταῦθα
594 988 774 1082 ῦπίρχεταί
798 1019 859 1081 μοι,
873 993 929 1060 καλ
956 989 993 1060 τὸ
1013 990 1155 1080 θρυλοῦ-

145 1126 264 1186 μενον,
293 1095 337 1178 ἀς
370 1096 433 1167 οῦκ
467 1104 513 1179 είς
543 1095 725 1187 Ἰλλυριοῦς
757 1097 879 1186 μόνον,
913 1094 995 1166 ἀλλά
1028 1099 1085 1166 καὶ
1116 1101 1155 1174 είς

148 1209 281 1296 Θρᾷκας
313 1202 416 1292 ἀφίξῃ
445 1204 501 1272 καλ
528 1203 608 1284 τοῦς
635 1207 709 1294 περὶ
737 1203 798 1292 τὴν
830 1205 1002 1272 θάλατταν
1030 1206 1154 1288 ἐκείνην
1164 1225 1180 1263 1⁰

146 1313 323 1390 οἰκοῦντας
347 1307 524 1397 Ἕλληνας,
558 1311 595 1376 ἐν
627 1305 678 1391 οἷς
709 1311 878 1403 γενομένῳ
911 1337 968 1398 μοι
1001 1311 1058 1378 καὶ
1085 1335 1154 1396 τρα-

145 1418 243 1502 φέντι
270 1413 375 1494 πολὺς
403 1416 575 1503 ἐντέτηκεν
603 1421 686 1505 ἔρως
713 1413 852 1505 ἀνδρῶν
883 1440 919 1485 τε
946 1417 1002 1484 καὶ
1031 1421 1153 1505 χωρίων
1207 1478 1208 1481 ,

144 1521 201 1590 καλ
228 1521 367 1590 πόλεων.
420 1530 499 1601 ἴσως
532 1521 569 1589 δέ
597 1519 639 1591 οῦ
672 1525 802 1609 φαῦλος
835 1519 916 1590 οῦδὲ
943 1524 1083 1591 ἐκείνων
1111 1523 1153 1589 ἐν·
1207 1509 1208 1513 ¹

145 1629 376 1697 απολέλοιπται
394 1642 467 1708 ταῖς
485 1641 609 1716 ψυχαῖς
633 1633 716 1718 ἔρως
742 1624 849 1716 ἡμῶν,
877 1622 929 1709 ολς
947 1619 985 1697 εὖ
1015 1624 1081 1696 οἷδ’
1113 1624 1153 1694 ότι

92 1732 187 1808 252τό
225 1735 407 1821 λεγόμενον
439 1730 603 1815 ἀσπάσιος
640 1733 750 1803 ἐλθὼν
781 1729 825 1802 ἀν
863 1736 991 1820 γένοιο,
1019 1739 1179 1803 ’δικαίανιι

144 1838 291 1928 ἀμοιβὴν
319 1837 513 1920 ἀντιδιδοὺς
531 1836 646 1921 αὐτοῖς
664 1836 747 1929 ὑπὲρ
772 1830 821 1908 ὧν
833 1835 924 1928 «ἡμᾶς
942 1838 1154 1928 ἀπολέλοιπας

144 1946 278 2017 ἐνθάιλε.
324 1948 379 2015 καλ
412 1949 513 2016 τοῦτο
545 1945 607 2034 μὲν
636 1943 704 2035 ,οὐχ
737 1940 783 2027 ἀς
814 1943 1006 2034 εὐχόμενος·
1040 1947 1094 2015 ἐπὶ
1124 1941 1153 2011 τό

144 2082 181 2141 γε
210 2056 297 2121 ίέναι
324 2050 408 2141 πρὸς
435 2049 522 2140 ἡμᾶς
548 2050 610 2141 τὴν
629 2050 736 2140 αὐτὴν
763 2054 887 2142 ταχέως
906 2050 1059 2141 ἀμεινον·
1089 2043 1151 2119 ἀλλ’

145 2156 200 2245 ὡς,
228 2164 259 2227 εί
286 2161 432 2245 γένοιτο,
461 2159 516 2226 καλ
543 2157 628 2248 πρὸς
654 2155 753 2227 τοῦθ’
784 2160 868 2240 ἕξων
896 2157 960 2228 οὐκ
988 2155 1154 2248 ἀπαραμυ-

143 2264 257 2352 θήτως
289 2260 371 2333 οῦδὲ
403 2261 674 2353 ἀψυχαγωγήτως
701 2267 826 2351 ἐννοῶ,
859 2271 1053 2353 συγχαίρων
1073 2266 1154 2346 ἐκεί·
1165 2283 1183 2324 ²⁰

144 2398 227 2455 νοις,
255 2367 307 2438 ὅτι
335 2389 372 2436 σε
400 2366 480 2456 παρ’
510 2365 606 2457 ἡμῶν
625 2368 775 2452 ὄψονται.
811 2379 950 2453 Κελτοῖς
977 2369 1042 2459 γάρ
1061 2373 1155 2458 ἐμαυ-

144 2473 205 2543 τὸν
231 2473 296 2563 ἤδη
326 2473 382 2542 διὰ
411 2474 448 2542 σέ
476 2476 662 2564 συντάττω,
691 2475 800 2565 ἀνδρα
828 2483 875 2558 είς
901 2476 981 2557 τοῦς
1008 2475 1156 2566 πρώτους

119 2584 212 2649 ιτῶν
236 2576 403 2669 Ἑλλήνων
430 2585 590 2651 τελοῦντα
617 2585 672 2651 καλ
700 2579 771 2651 κατ’
803 2580 965 2670 εὐνομίαν
992 2584 1050 2651 καὶ
1078 2576 1155 2651 κατά

194 2751 207 2798 1
221 2744 363 2815 παροῦσιν
376 2746 446 2815 VM]
434 2745 584 2829 ]παροῦοι
636 2753 685 2800 2ελ
690 2753 705 2800 3
674 2743 873 2840 λστέργομεν
885 2745 991 2881 μὲνρΜ]
1011 2764 1123 2812 στερ..

142 2813 351 2897 λζστέργο..
375 2822 444 2881 μοι,
474 2814 658 2896 στεργόμενοι
677 2816 824 2882 ιροιιλι
861 2820 877 2868 3
902 2811 974 2882 κήρν
1009 2815 1049 2882 Μ]
1071 2783 1154 2935 κηράξ

113 2890 114 2893 ’
140 2887 158 2934 4
185 2876 256 2950 ἡμῖν
284 2883 346 2937 add.
369 2885 428 2934 VM
461 2882 464 2949 ]
497 2879 620 2951 γεγονώς
646 2886 675 2933 Μ
702 2882 816 2950 ιροολι]
845 2899 961 2968 γεγρν..
990 2815 1049 2949 V,]
1060 2879 1155 2966 γέγονε

141 2956 196 3018 pet.
228 2949 305 3016 Ιη
265 2968 305 3017 μη
297 2944 387 3002 add.
406 2952 546 3016 Vspanh.
616 2952 755 3030 όφιλεῖν
774 2949 847 3034 Pon]
867 2951 967 3017 φίλοιν
985 2952 1010 3001 V
1028 2958 1095 3017 pet„
1113 2948 1156 3015 φί·

141 3020 202 3078 λυις
224 3019 266 3078 Μ,
292 3018 378 3085 φίλον
397 3020 494 3084 ιρειιλι.
525 3018 530 3082 Ι
563 3011 711 3085 όμολογων
729 3017 809 3083 Cob.]
835 3022 988 3101 ομολογεῖν
1075 2989 1155 3070 'z'ots

141 3056 402 3165 σιωπηλότερος-
421 3080 628 3166 τελεσθεντων]
654 3085 755 3136 Suidas
773 3103 800 3137 τ.
818 3082 1000 3153 Πυθαγόρας
1021 3092 1049 3136 et
1068 3099 1139 3138 σιωπ

141 3156 157 3205 8
170 3149 371 3232 θρυλουμενον
381 3153 419 3221 Η]
430 3145 651 3220 θρυλλοῦμενον
690 3157 705 3205 9
720 3149 886 3212 stulterum
894 3154 957 3207 add
963 3155 992 3204 Μ
1034 3157 1066 3204 12
1061 3074 1155 3239 fang!

140 3214 235 3281 πόθος
253 3222 282 3271 Μ
353 3227 384 3274 13
398 3228 426 3274 ελ
437 3224 470 3273 14
488 3215 729 3274 ἐναπολέλειπται
747 3224 812 3281 ταις
830 3226 940 3302 ψυχαῖς
958 3219 996 3288 Μ]
1021 3225 1086 3280 ταῖς
1104 3230 1154 3284 υν

141 3292 206 3354 χαῖς
235 3280 478 3342 ἐναπολέλειπται
535 3290 580 3340 15
603 3279 798 3347 ἀσπόσιος-
816 3285 925 3355 γένοιο]
950 3290 1032 3340 Iliad.
1051 3306 1083 3351 κ,
1102 3281 1153 3347 35]

140 3354 235 3422 γίνοιο
262 3358 290 3406 Μ
322 3357 327 3421 l
360 3356 481 3409 δικαίαν
509 3341 578 3422 VM]
606 3355 725 3408 δίκαιον
812 3359 843 3408 19
870 3356 981 3422 γίνοιτο
1008 3357 1038 3406 Μ
1055 3325 1083 3475 {s
1107 3351 1154 3418 ἔξω

140 3430 196 3503 pet.
230 3424 235 3486 Ι
268 3414 527 3508 ἀπαραμυθήτως
525 3421 565 3490 Μ]
586 3414 840 3505 ἀπορραθυμήτως
909 3427 942 3474 22
967 3418 1068 3475 διάσὲ
1086 3415 1152 3483 VM]

139 3485 192 3539 ὃιά
211 3503 242 3540 σε
321 3495 354 3543 23
372 3510 428 3544 των
448 3487 586 3558 Ελλήνων
604 3490 643 3556 Μ]
657 3485 802 3556 Ελλήνων
977 3528 980 3532 ›
