2416 3864
142 129 206 194 336
445 130 588 182 ιιιοιιιιι
610 129 856 181 ιεινοιιλνοιιιε
1202 168 1203 173 ,

144 255 246 340 αὐτὸς
273 255 444 345 ἠπίστασο.
490 256 530 325 τὰ
558 257 595 326 δὲ
613 260 652 324 ἐν
676 253 785 347 Ἰωνίᾳ
813 254 897 347 πρὸς
915 254 975 324 τὸν
993 258 1051 324 καὶ
1070 256 1151 343 γένει

106 451 107 454 ¹
144 363 356 453 προσήκοντα
384 366 439 433 καὶ
467 371 562 454 φιλίηι
581 367 708 451 μᾶλλον
727 369 853 432 οίκείον
880 360 963 430 ὅντα
991 390 1050 450 μοι
1075 388 1151 452 πρα-
1204 376 1206 455 ξ

144 473 270 558 χθέντα
296 469 460 557 πρότερον
478 465 563 556 ὑπὲρ
591 466 717 556 ἀνδρὸς
735 470 833 550 ξένον
861 467 962 558 μικρά
989 472 1153 548 παντελῶς

27 631 29 635 -
144 583 316 664 γνωρίμου
335 578 605 664 μοιγενομένον,
627 578 689 644 τοῦ
708 577 874 661 σοφιστοῦ
891 579 989 664 φημί,
1018 577 1153 663 λέληθεν

145 680 249 752 οὐδέν
282 702 327 751 σε.
373 679 560 769 ἀποδημίας
592 680 629 750 δε
662 677 723 768 οὐχ
759 677 908 768 ὑπέστην
943 683 1013 749 τοῖν
1050 688 1172 769 φίλωνῡ

145 791 256 870 ένεκα;
290 796 397 858 καίτοι
425 794 597 880 Καρτερίφ
626 787 687 876 μὲν
720 783 810 855 οἷσθ’
843 812 932 868 οπως
960 787 1154 875 συνηράμην

102 909 128 962 Ι)
146 893 230 983 πρὸς
256 893 317 964 τὸν
345 896 476 985 έταιρον
503 910 583 984 ημιν
602 891 805 1025 ἀφικόμενος
829 889 981 1015 Ἀράξιον
1010 878 1181 981 άκλητος,
1204 935 1205 938 ¹

146 998 230 1091 ὑπὲρ
262 998 369 1070 αὐτοῦ
401 1002 610 1089 δεησόμενος.
656 995 740 1088 ὑπὲρ
774 998 810 1067 δε
842 1001 910 1067 τῶν
941 1027 1000 1086 της
1028 1011 1153 1086 θαυμα-

148 1115 222 1189 σίας
246 1105 376 1197 Ἀρετης
403 1106 578 1195 κτημάτων
610 1098 720 1175 καὶ
693 1133 741 1173 ων
769 1107 947 1174 ἐπεπόνθει
975 1105 1068 1195 παρὰ
1095 1109 1154 1173 τάν

147 1213 310 1300 γειτόνων
338 1210 401 1281 οὐκ
419 1217 466 1292 είς
492 1211 554 1303 τὴν
574 1218 727 1301 Φρυγίαν
745 1209 783 1279 τὸ
803 1210 962 1298 δεύτερον
989 1209 1154 1300 άφικόμην
1164 1229 1181 1267 1⁰

149 1321 186 1387 ἐν
214 1316 294 1386 οὐδὲ
314 1315 404 1398 ὅλοις
431 1319 510 1405 μησὶ
530 1317 604 1400 δύο,
632 1315 800 1398 ἀσθενοῦς
823 1314 888 1405 ἤδη
917 1344 974 1405 μοι
992 1319 1155 1396 παντελῶς

149 1422 246 1504 ὄντος
277 1426 338 1492 τοῦ
371 1423 522 1511 σώματος
555 1421 610 1491 διδι
642 1422 704 1510 τὴν
736 1425 974 1511 ἐπιγενομένην
1008 1419 1075 1493 ὑπὸ
1106 1425 1155 1509 της

148 1528 312 1619 πρότερον
338 1535 564 1611 κακοπαθείας
583 1527 786 1619 άρρωστίαν;
815 1526 897 1597 άλλδι
916 1527 958 1617 δὴ
985 1528 1024 1599 τὸ
1053 1537 1154 1598 τελεο-

148 1652 244 1705 ταῖον
271 1634 335 1725 πρὸ
363 1640 423 1723 τῆς
441 1641 488 1717 είς
511 1635 574 1724 τὴν
597 1632 738 1704 Ἑλλάδα
766 1637 946 1723 γενομένης
974 1631 1056 1724 ἡμῖν
1085 1633 1154 1723 άφί-

149 1745 239 1828 ξεως,
267 1740 320 1812 ὅτε
339 1744 413 1832 περὶ
431 1745 500 1811 τάν
518 1742 675 1830 ἐσχάτων,
704 1736 749 1822 ως
776 1737 819 1809 διν
837 1750 963 1810 είποιεν
982 1745 1019 1809 οί
1034 1743 1182 1824 πολλοί,15

96 1849 365 1920 νοοκινδυνεύων
392 1846 457 1935 ἐγω
488 1851 534 1940 τῷ
567 1849 777 1979 στρατοπέδω
810 1834 1062 1948 παρέμενον,
1047 1852 1181 1924 οποίας

150 1961 300 2045 ἔγραφον
332 1953 505 2036 ἐπιστολάς
535 1951 619 2043 πρὸς
651 1953 688 2022 σε
720 1956 786 2022 νῦν
819 1949 1072 2042 ὑπομνήσθητι,
1104 1951 1155 2041 μή·

28 2129 34 2142 .
150 2089 229 2131 ποτε
265 2059 424 2151 ὀδνρμων
455 2060 604 2150 πλήρεις,
635 2060 714 2189 μητι
746 2057 866 2149 μικρὸν
898 2089 919 2147 η
951 2057 1112 2129 ταπεινδν
1138 2084 1155 2144 η

150 2173 227 2237 λίαν
263 2165 400 2252 άγεννδς
432 2167 580 2254 ἐχούσας
625 2163 735 2235 άπιων
768 2165 805 2234 δέ
838 2166 890 2234 ἐπὶ
926 2192 989 2253 την
1022 2162 1156 2235 Ἑλλάδα

149 2263 266 2359 πάλιν,
294 2269 349 2343 ὅτε
375 2300 415 2361 με
443 2273 583 2359 φεύγειν
611 2272 764 2360 ἐνόμιζον
794 2271 930 2358 πάντες,
964 2268 1027 2360 οὐχ
1055 2268 1101 2354 ὡς
1127 2273 1187 2339 ίνῖῡ

151 2381 248 2467 ἑορτῇ
275 2381 316 2466 τῇ
343 2385 479 2467 μεγίστη
507 2376 570 2466 τὴν
596 2379 701 2466 τύχην
733 2381 880 2447 ἐπαινῶν
907 2374 1050 2466 ἡδίστην
1079 2384 1159 2465 ἐφην

153 2481 239 2552 είναι
266 2482 328 2571 τὴν
356 2479 501 2572 άμοιβην
528 2486 601 2573 ἐμοὶ
619 2486 674 2554 καὶ
703 2482 740 2552 τδ
761 2483 803 2572 δὴ
831 2484 1013 2573 λεγόμενον
1040 2484 1159 2575 χρύσεα

150 2595 328 2678 χαλκείων,
357 2588 544 2688 ἑκατόμβοι’
575 2593 779 2677 ἐννεαβοίων
807 2596 894 2719 ἐφην
921 2587 1159 2679 άντηλλάχθαις

111 2692 259 2776 Βοῧτως
291 2693 366 2764 άντὶ
397 2723 456 2784 της
487 2700 633 2785 ἐμαυτοῦ
661 2698 770 2801 ἑστίας
800 2724 862 2785 την
886 2692 1027 2766 Ελλάδα
1054 2692 1160 2785 λαχων

152 2801 338 2936 ἐγανάμην,
371 2799 433 2871 οάκ
461 2799 582 2892 άγρόν,
610 2800 653 2871 οὐ
679 2829 804 2891 κηπον,
832 2800 875 2872 οὐ
903 2802 1073 2890 δωμάτιον
1102 2805 1189 2872 ἐκεί25

152 2911 358 2997 κεκτημένος.
397 2906 479 2978 ἄλλα
499 2917 579 2988 ἴσως
597 2915 689 2978 έοικα
714 2907 832 2994 ἐγω
798 2936 856 2991 τας
875 2909 935 3003 μὲν
955 2914 1160 2999 δοσπραγίας

153 3012 216 3084 οὐκ
249 3012 398 3101 άγεννῶς
425 3016 556 3104 φέρειν,
588 3012 672 3104 πρὸς
699 3014 736 3084 δὲ
762 3013 822 3096 τδις
853 3013 942 3102 παρά
973 3019 1033 3102 τῆς
1064 3015 1160 3104 τύχης

152 3218 221 3286 Ρει.]
241 3218 382 3302 δείγματα
452 3223 466 3271 1
485 3210 581 3288 Ἰωνίᾳ
598 3217 636 3286 Η]
654 3212 744 3292 Ἰονία
814 3214 922 3273 δοάδέ
942 3215 973 3272 σε’
995 3221 1065 3273 Rsk
1135 3219 1162 3268 14

152 3284 309 3406 γενομένης
332 3289 358 3339 Η
378 3292 405 3339 ει
417 3286 504 3372 Oob.]
532 3271 688 3368 διαγενομέ
689 3304 742 3353 νης
827 3291 859 3340 17
883 3281 1035 3365 ἐπιστολάς
1054 3285 1092 3356 V]
1115 3281 1162 3345 τὰς

167 3348 305 3433 πιοτολίις
338 3354 343 3417 Ι
374 3350 446 3421 πρὸς
469 3349 500 3407 σε
519 3353 565 3435 V]
589 3350 664 3474 πρός
683 3369 714 3406 σε
784 3358 816 3407 18
841 3347 961 3422 πλήρεις
984 3357 1051 3411 Rsk
1072 3363 1101 3407 et
1120 3349 1160 3418 H]

152 3414 247 3501 πληρη
332 3425 449 3474 22et23
472 3416 628 3506 χράσεα-
651 3417 841 3490 ἐννεαβοίων]
863 3423 943 3474 Iliad.
964 3423 992 3489 ζ,
1014 3426 1065 3476 236
1133 3422 1162 3471 25

154 3481 541 3556 ἐγαννμηνΗ1έγαννιίμην
