2422 3862
132 137 195 203 506
436 139 579 192 IULIANI
595 139 842 192 IMPERATORIS

130 273 304 343 ἀλλοιῶν
326 275 484 363 πρέμνων
507 276 618 362 ἐμφυά
641 273 747 361 γονὴν
770 275 1005 363 ἐναρμόσειεν,
1029 271 1077 354 ὡς
1100 271 1153 359 ἀρ-

76 395 203 451 392κείν
225 380 294 468 ’ήδη
324 379 482 460 πολλάκις
510 377 615 449 αὐτού
637 382 692 449 καλ
715 379 795 449 ἀνθ’
831 380 1022 473 ὁλοκλήρου
1044 379 1154 467 κήπου

130 487 194 576 τήν
216 487 313 574 ὄψιν,
347 483 423 556 οἷον
450 489 488 555 ἐν
510 491 647 575 λειμῶνι
670 489 874 582 χαριεστάτῳ
895 496 1057 576 ποικίλην
1080 486 1153 556 τινὰ

130 596 186 664 καλ
217 597 378 681 πολυειδῆ
411 597 481 661 τῶν
511 596 649 680 καρπῶν
677 590 736 681 ἀφ’
767 595 889 665 ἑαυτοῦ
916 596 981 683 τήν
1009 593 1153 682 ἀγλαΐαν

127 697 427 785 ἀντιπεπομῳότος.
478 700 533 767 καί
565 699 606 768 τὰ
638 699 701 787 μὲν
732 698 817 768 ἀλλα
848 706 917 771 τόν
950 700 1172 790 ἀκροδρύωνε

81 804 90 818 ’
130 807 222 875 ἐστὶν
244 803 460 892 ὀλιγοχρόνια
481 805 538 875 καλ
560 804 624 893 τήν
646 805 756 893 μονήν
780 805 842 875 ούκ
865 805 1035 895 ἀνέχεται,
1060 805 1151 896 μόνῳ

7 986 18 1006 ,
131 913 168 982 δὲ
199 916 244 1004 τῷ
277 912 369 1005 σύκῳ
401 914 457 981 καὶ
488 911 770 1002 ύπερενιαυτίζειν
802 916 906 996 ἔξεστι
938 916 996 983 καὶ
1024 916 1066 1002 τῇ
1095 914 1151 981 τού

130 1021 309 1107 μέλλοντος
339 1024 471 1110 καρποῦ
498 1022 625 1107 γενέσει
654 1025 909 1108 συνενεχθῆναι.
954 1023 1042 1089 ὥστε
1071 1020 1150 1108 φησί

129 1126 185 1195 καὶ
199 1123 343 1214 Ὅμηρος
371 1128 409 1194 ἐν
429 1124 583 1196 Ἀλκίνου
605 1125 699 1217 κήπῳ
721 1125 801 1206 τούς
815 1124 973 1214 Ικαρποὺς
996 1125 1151 1213 ἀλλήλοις

88 1243 111 1297 Β
130 1231 374 1318 ἐπιγηράσκειν.
397 1232 451 1300 ἐπὶ
473 1232 536 1319 μὲν
559 1225 623 1301 οὖν
644 1236 713 1301 τόν
736 1232 848 1302 ἀλλων
872 1244 952 1313 ίσως
976 1229 1021 1302 ἀν
1039 1237 1149 1321 μῦθος
1160 1262 1178 1302 α

128 1335 300 1423 ποιητικὸς
322 1334 410 1404 εἶναι
434 1337 554 1418 δόξειε
578 1336 671 1429 μόνῳ
696 1337 734 1406 δὲ
751 1343 796 1431 τῷ
821 1339 911 1430 σύκῳ
932 1338 1018 1427 πρὸς
1032 1338 1074 1417 ,τὸ
1094 1343 1149 1425 τής
1182 1349 1190 1369 ‘

89 1463 116 1504 ³⁶
129 1443 290 1531 ἀληθείας
326 1430 464 1532 ἐναργὲς
498 1438 543 1511 ἀν
576 1445 796 1533 συμφέροιτο,
833 1445 920 1515 διότι
952 1448 1011 1515 καὶ
1043 1447 1149 1535 μόνον

128 1555 197 1621 των
229 1547 340 1619 ἀλλων
372 1552 510 1636 καρπῶν
543 1552 611 1620 ἐστὶ
639 1550 879 1641 μονιμύτερον.
924 1553 1090 1642 τοιαύτην
1117 1554 1150 1624 δὲ

129 1664 208 1747 ἔχου
231 1656 323 1745 οἶμαι
345 1655 383 1725 τὸ
408 1660 514 1726 σῦκον
536 1656 599 1744 τήν
621 1656 742 1744 φύσιν,
770 1661 882 1749 πολλῷ
906 1659 1062 1744 κρεῖττόν
1086 1662 1149 1728 ἐστι

129 1762 207 1853 παρ’
232 1763 314 1852 ἡμῖν
336 1762 399 1850 τήν
422 1764 570 1849 γένεσιν,
597 1760 643 1843 ὡς
665 1761 752 1832 εἶναι
775 1767 844 1832 τόν
867 1762 930 1850 μὲν
953 1761 1070 1833 ἀλλων
1092 1793 1147 1852 ῳυ-
1160 1791 1179 1831 15

128 1876 197 1940 τόν
224 1870 306 1941 αὐτὸ
334 1871 548 1958 τιμιώτερον,
581 1868 686 1939 αὐτοῦ
714 1870 751 1940 δὲ
777 1875 840 1939 τού
867 1868 976 1938 σύκου
1003 1870 1043 1939 τὸ
1074 1881 1147 1960 παρ’

129 1977 210 2065 ἡμίν
232 1977 528 2066 θαυμασιώτερον,
555 1978 612 2045 καλ
634 1983 734 2047 υικάν
757 1978 819 2067 μὲν
841 1975 924 2046 αὐτὸ
947 1981 1022 2046 τῶν.
1042 1978 1149 2050 ἄλλων

128 2083 191 2171 τήν
219 2086 370 2169 γένεσιν,
403 2075 505 2162 αὖθις
535 2080 568 2152 δ’
594 2081 659 2152 ὑπὸ
688 2087 750 2153 τού
776 2081 855 2172 παρ’
881 2073 963 2171 ἡμῖν
987 2082 1149 2172 ἡττᾶσθαι

87 2191 185 2259 exal
212 2194 252 2279 τή
281 2188 365 2278 πρὸς
388 2188 545 2277 ἑκάτερον
568 2191 715 2279 ἐγκρίσει
735 2188 836 2258 πόλιν
859 2187 1043 2277 σώζεσθαι,
1076 2220 1149 2282 κρα-

128 2300 243 2364 τοῦντι
266 2294 328 2382 μὲν
352 2295 475 2381 ἐοικός,
500 2290 551 2376 οἷς
573 2292 605 2363 θ’
634 2289 677 2364 αύ
699 2305 896 2385 κρατεῖσθαι
921 2300 1028 2386 δοκεῖ,
1052 2299 1203 2387 πάλινυΙ

42 2469 47 2479 ,
129 2405 163 2481 ἐς
184 2401 222 2468 τὸ
246 2399 398 2469 καθόλου
421 2406 565 2470 νικῶντι.
591 2404 647 2471 καλ
669 2407 769 2472 τοῦτο
789 2399 851 2472 ούκ
869 2399 1053 2485 ἀπεικότως
1073 2417 1147 2493 παρ’

128 2505 210 2596 ήμίν
232 2506 351 2594 μόνοις
369 2514 561 2596 συμβαίνει·
585 2513 653 2578 ἔδει
671 2509 737 2599 γὰρ
756 2508 849 2598 οἶμαι
867 2509 931 2597 τήν
946 2510 1034 2590 Διὸς
1052 2513 1150 2581 πόλιν

129 2612 265 2701 ἀληθῶς
300 2615 357 2682 καλ
388 2612 449 2682 τὸν
480 2618 540 2702 της
571 2615 656 2707 ἕῳας
687 2613 817 2704 ἆπύσης
849 2614 1050 2704 ὀφθαλμόν·
1092 2616 1150 2705 τήν

42 2736 44 2740 ’
130 2719 224 2807 ίερὰν
252 2723 309 2790 καλ
336 2727 496 2809 μεγίστην
524 2722 711 2810 Δαμασκὸν
738 2725 840 2815 λέγωζ
876 2737 947 2803 τοῖς
974 2750 1010 2792 τε
1038 2724 1150 2805 ἄλλοις

128 2832 312 2917 σύμπασιν,
350 2823 424 2896 οἷον
457 2831 557 2917 ίερῶν
588 2828 701 2898 κύλλει
731 2831 786 2898 καλ
815 2826 903 2898 νεῶν
931 2831 1070 2917 μεγέθει
1097 2832 1146 2900 καλ
1159 2847 1179 2888 2⁵

198 3021 211 3068 1
232 3011 330 3084 ἔμφυᾰ
349 3016 446 3077 Hroh]
466 3008 564 3083 ἔμφνῆ
577 3016 585 3083 Ι
600 3010 654 3082 ἀρα
728 3021 753 3069 V
809 3022 825 3069 6
844 3013 922 3072 ἔστιν
939 3016 978 3069 Vd
1032 3010 1148 3086 9Ὅμη·

129 3084 186 3152 ρος]
206 3086 304 3149 odyss.
322 3084 438 3148 &1201
460 3076 588 3136 Ἀλκίνου
605 3084 700 3153 Hrch.]
715 3077 862 3139 Ἀλκινόον
931 3089 963 3136 10
983 3072 1038 3139 οὖν
1057 3103 1109 3142 om,
1128 3087 1147 3134 V

130 3157 161 3205 12
181 3149 358 3218 συμφέροντα
376 3148 472 3217 Hrch.]
502 3157 679 3220 συμφοροίτο
749 3158 780 3208 13
799 3145 998 3221 νομιμώτερον
1016 3154 1042 3204 V
1120 3157 1148 3204 15

128 3212 200 3286 παρ’
213 3214 304 3302 ήμῖν]’
315 3210 434 3300 τόὶπαρζ
448 3215 605 3305 ήμῖνεέχον
624 3222 708 3279 Hroh.
745 3225 777 3274 18
796 3217 830 3274 δὲ
848 3223 873 3271 V
888 3220 892 3287 λ
908 3213 965 3279 ύπόΙ
986 3220 1039 3273 τού
1052 3221 1146 3280 HrohJ

127 3281 178 3340 ἀπ’
201 3288 291 3340 αυτοῦ
309 3305 381 3354 προς
399 3304 431 3339 το
450 3292 487 3354 V,
517 3304 558 3340 υπ
589 3280 681 3342 αὐτοῦ
700 3288 754 3343 τοῦ
771 3307 789 3340 v
848 3292 878 3340 19
896 3292 924 3339 et
942 3291 975 3339 20
994 3285 1148 3352 κρατοῦντι

127 3356 162 3424 V]
182 3355 308 3421 κρατοῦν
345 3358 410 3436 Η20
428 3347 523 3416 ἐοικός
541 3356 707 3439 Horkeliusl
723 3352 761 3416 ὡς
781 3350 857 3414 είκός
921 3358 953 3406 21
973 3355 1095 3408 νικῶντι
1113 3353 1145 3419 V]

129 3423 217 3476 νικῶν
286 3427 319 3474 23
339 3419 409 3482 ..οἷς
430 3426 456 3476 V
521 3428 554 3476 24
578 3425 729 3503 ιζάμαωιον
746 3424 781 3491 V]
803 3418 961 3491 Δάμαωιον
1021 3426 1056 3474 24
1073 3431 1100 3474 et
1117 3426 1148 3473 λθ

129 3504 391 3544 α....σ..πασιν
408 3492 446 3556 V,
465 3486 563 3554 ἀλλοις
582 3508 692 3546 απασιν
710 3497 748 3546 Ρα
