2414 3862
123 148 188 214 564
431 146 844 202 1UL1AN11MPERATORIS
900 121 905 129 ’

126 286 212 369 ἐστι,
246 283 289 352 σὺ
321 285 384 372 μὲν
412 293 498 354 ολκοι
525 286 640 373 μένειν
666 287 722 354 καὶ
750 290 880 373 χαίρειν
906 286 966 354 καὶ
989 285 1059 374 τῆν
1084 285 1167 374 ῆσν-

126 397 204 478 χίαν
234 387 278 477 ῆν
311 395 398 477 ἔχεις
430 390 562 477 σώζειν,
598 389 693 480 ἡμεῖς
724 393 762 459 δὲ
790 389 857 476 ὅ,τι
886 387 931 459 ἀν
959 390 1048 472 θεὸς
1079 398 1165 486 διδῷ

126 502 291 583 γενναίως
328 507 474 585 οίσομεν.
519 494 656 584 ἀνδρῶν
687 496 751 585 γὰρ
783 499 926 583 ἀγαθῶν
955 495 1054 567 εἷναί
1079 522 1165 587 φασι

74 602 165 673 λιοτὸ
203 603 264 689 μέν
305 600 417 670 εὔελπι
454 607 634 689 κεκτῆσθαι
670 604 726 671 καὶ
757 604 797 671 τὰ
831 604 952 672 δέοντα
984 605 1163 695 πράττειν,

130 709 270 776 ἔπεσθαι
295 708 332 776 δὲ
357 722 428 788 τοϊς
449 704 645 794 ἀναγκαίοις
667 713 729 777 τοῦ
752 713 921 797 δαίμονος.
1174 735 1184 775 ι

84 907 123 948 ιοε
371 883 433 953 νδ.
479 890 662 975 Γεωργίφ
687 890 910 976 Καθολικῷ.

97 1039 120 1092 Β
217 1024 263 1093 Ἡ
285 1026 347 1114 μὲν
371 1023 439 1114 ῆχὼ
462 1024 551 1106 θεὸς
566 1031 650 1094 ἔστω
673 1025 756 1095 κατά
778 1027 815 1096 σὲ
837 1029 893 1095 καὶ
916 1026 1040 1115 λάλος,
1071 1038 1102 1100 εί
1124 1033 1159 1100 δὲ

129 1133 261 1222 βούλει,
295 1133 351 1201 καὶ
380 1133 471 1200 Πανὶ
505 1130 658 1218 σύζυγος·
697 1132 739 1202 ού
771 1133 835 1222 γὰρ
864 1136 1051 1222 διοίσομαι.
1097 1136 1158 1206 κάν

129 1240 194 1328 γὰρ
226 1239 325 1327 ἐθέλῃ
349 1265 391 1325 με
414 1238 587 1308 διδάσκειν
609 1236 630 1326 ῆ
654 1238 772 1325 φύσις,
801 1237 853 1308 ὅτι
877 1241 970 1308 ἐστὶν
995 1240 1068 1330 ῆχά
1092 1271 1155 1331 φω-

131 1349 192 1431 νῆς
225 1344 257 1422 ἐς
287 1338 388 1430 ἀέρος
414 1345 534 1430 πλῆξιν
560 1343 739 1425 ἀντίτυπος
765 1342 827 1433 ῆχῆ
855 1346 940 1436 πρὸς
966 1347 1184 1437 τούμπαλινιι

131 1454 190 1538 τῆς
222 1445 325 1536 ἀκοῆς
357 1445 656 1538 ἀντανακλωμένη,
694 1449 799 1538 ὅμως,
831 1456 985 1522 παλαιῶν
1021 1453 1154 1544 ἀνδρῶν

134 1561 182 1625 ἔτι
205 1557 261 1625 καὶ
285 1557 376 1625 νέων
400 1552 462 1625 ούκ
484 1561 621 1626 έλαττον
644 1553 666 1644 ῆ
688 1562 733 1649 τῷ
757 1561 805 1650 σῷ
828 1557 1036 1645 πειθόμενος
1060 1561 1152 1653 λόγφ,

91 1662 220 1733 Οθεδν
254 1660 340 1730 εἶναι
372 1660 435 1748 τῆν
467 1659 535 1750 ῆχὼ
570 1665 799 1750 δυσωποῦμαι.
847 1670 883 1732 τί
911 1668 998 1750 γοῦν
1033 1663 1078 1735 ἀν
1107 1677 1151 1752 εἴη

133 1773 233 1839 τοῦτο
265 1770 350 1858 πρὸς
376 1767 477 1856 ἡμᾶς,
510 1772 541 1836 εί
566 1773 678 1861 πολλῷ
706 1773 751 1861 τῷ
779 1770 885 1861 μέτρφ
913 1784 985 1852 τοῖς
1012 1771 1098 1862 πρὸς
1119 1772 1151 1840 σὲ

135 1884 282 1963 φιλικοῖς
299 1876 362 1965 τῆν
381 1873 449 1964 ῆχά
469 1879 630 1962 νικῶμεν;
653 1874 673 1962 ῆ
695 1875 758 1963 μὲν
776 1876 840 1964 γὰρ
858 1875 900 1945 ού
914 1875 1000 1966 πρὸς
1014 1878 1179 1965 ἀπαντι,ιι

135 1985 203 2067 ὄ,τι
223 1978 267 2050 ἀν
288 1980 428 2070 ἀκούσῃ,
451 1983 579 2068 μᾶλλον
602 1977 623 2068 ῆ
646 1979 730 2070 πρὸς
751 1981 793 2050 τά
816 1987 936 2070 ἔσχατα
959 1988 1020 2072 τῆς
1043 1990 1151 2074 φωνῆς

135 2086 413 2175 ἀντιφθέγγεται,
449 2086 602 2175 καθάπερ
644 2089 793 2176 ἐρωμένη
834 2090 1002 2176 φειδωλὸς
1044 2091 1151 2180 ἀκροις

135 2190 361 2282 ἀντιφιλούσα
383 2192 444 2262 τὸν
467 2191 611 2281 έραστῆν
633 2207 704 2272 τοῖς
726 2200 884 2281 χείλεσιν·
921 2195 1017 2285 ῆμεῐς
1042 2198 1150 2267 δὲκαὶ

134 2305 203 2369 τάν
237 2299 321 2386 πρὸς
355 2299 393 2366 σε
419 2297 627 2387 κατάρχομεν
651 2293 775 2386 ἡδέως,
806 2302 863 2368 καὶ
891 2296 994 2384 αὖθις
1021 2310 1070 2386 είς
1096 2303 1151 2390 τῆν

99 2404 225 2493 Βπαρά
255 2410 319 2490 σού
347 2404 533 2492 πρόκλησιν
557 2405 690 2489 [οἱονεὶ]
719 2412 864 2495 σφαίρας
891 2412 990 2497 δίκην
1017 2410 1057 2478 τὸ
1082 2421 1177 2479 ίσονν

136 2509 393 2601 ἀντιπέμπομεν.
442 2508 526 2578 ὥστε
559 2507 621 2579 ούκ
652 2507 695 2579 ἀν
727 2511 876 2599 φθάνοις
907 2513 1009 2596 αὐτὸς
1042 2522 1151 2604 ἔνοχος

83 2689 87 2696 ,
136 2614 185 2686 ἀν
215 2613 265 2698 οἷς
294 2617 434 2707 γράφεις
459 2618 515 2684 καὶ
543 2616 668 2686 σαυτὸν
692 2614 750 2705 ἀφ’
776 2610 825 2686 ὧν
847 2620 950 2688 πλέον
973 2625 1150 2709 λαμβάνων

90 2752 129 2794 τοι
137 2724 311 2814 ἐλάχιστον
347 2722 540 2808 ἀντιδίδως,
580 2720 641 2810 οὐχ
669 2720 777 2812 ’ῆμάς,
814 2727 851 2792 έν
888 2720 939 2806 οἷς
972 2724 1022 2795 ἐπ’
1057 2727 1150 2817 ἀμφω

136 2841 351 2902 πλεονεκτεῖν
378 2821 581 2935 σπεύδομεν,
612 2831 645 2910 ές
667 2829 704 2899 τὸ
729 2828 849 2918 ὅμοιον
870 2835 929 2918 τῆς
951 2833 1085 2915 είκόνος
1107 2837 1150 2920 έγ-

210 3028 376 3082 lInfinitivi
398 3023 513 3096 μένειν,
541 3026 668 3094 χαίρειν,
696 3023 796 3092 σώζειν
818 3034 943 3097 suspecti
965 3037 1043 3093 sunt3
1074 3028 1151 3083 3960

156 3093 312 3165 οἱδεωέχε
335 3097 495 3163 scripsimus
518 3112 580 3148 cum
598 3097 739 3147 Herchero
762 3113 811 3163 pro
830 3093 908 3164 ἔχειν
978 3103 995 3151 2
1013 3093 1098 3165 ἡμεῖς
1116 3093 1149 3178 Η]

137 3171 219 3232 ηῑν.
257 3165 383 3217 Ceterum
401 3170 428 3214 et
445 3164 471 3214 h.
488 3163 506 3215 l.
525 3168 552 3215 et
569 3164 657 3214 2481)
676 3169 784 3228 spectat
801 3167 945 3239 Remosth.
966 3170 1042 3231 lam
1089 3170 1150 3218 4το

138 3183 378 3302 μάν-πράττειν
397 3231 443 3282 cit.
461 3231 530 3286 Lex.
548 3230 629 3283 Vind.
648 3248 676 3298 p.
696 3234 773 3295 70‚15
826 3235 857 3284 12
876 3229 930 3301 ἔτι]
951 3229 994 3286 ἔτι
1013 3229 1047 3286 δὲ
1067 3238 1151 3300 suspi-

21 3328 23 3330 ’
139 3311 222 3355 eatur
235 3301 319 3353 Hreh.
336 3301 340 3365 Ι
357 3294 475 3351 ἔλαττον
492 3288 511 3364 ῆ
530 3299 628 3366 ερεολι.
641 3315 676 3349 ex
687 3299 879 3352 emendatione
888 3300 1010 3369 Petavii]
1024 3295 1151 3354 ἐλάττονι

140 3375 171 3422 15
191 3358 321 3433 ἅπαντα]
339 3365 398 3418 πᾶν
417 3367 499 3417 Hrch.
573 3369 603 3418 16
621 3365 730 3431 μᾶλλον
748 3355 778 3432 ῆ]
797 3368 891 3419 Malim
909 3367 1021 3433 μᾶλλον
1041 3365 1075 3423 δὲ
1123 3374 1151 3422 20

138 3431 299 3553 gofnmltiv
320 3435 460 3551 ὲλγλλεοῑ).
480 3433 514 3484 ad
531 3435 603 3488 Plut.
623 3437 691 3491 Mor,
710 3451 735 3501 p.
748 3437 781 3486 38
795 3433 830 3504 Ε]
849 3428 1027 3504 πρύσκλησιν
1043 3437 1048 3503 1
1065 3434 1150 3491 οἱονεί

158 3505 243 3556 eevit
289 3518 346 3553 rc.
