2446 3870
150 153 215 218 224
454 154 598 206 mmm
620 153 869 204 IMPERATORIS

151 279 375 369 ὑποληπτέον,
408 278 480 350 ἀλλ’
517 277 561 361 ὡς
592 285 644 347 ἔνι
675 279 816 367 μάλιστα
849 279 929 367 μετὰ
957 281 1085 363 εἰκότος
1113 287 1170 352 καὶ

153 385 300 475 ἀληθοῦς
326 388 430 474 λόγου
458 384 547 475 παρά
574 387 642 454 τῶν
670 388 821 453 παλαιόν
848 389 894 477 τῷ
921 390 1037 478 θεσμῷ
1065 411 1169 476 προσ-

153 504 341 580 τεθεῖσθαι,
375 507 513 581 σημεῖον
545 490 583 560 δὲ
614 491 753 577 τοῦτον,
791 488 842 558 ότι
874 488 934 560 τὸν
973 495 1170 581 ἰσημερινὸν

153 599 278 668 κύκλον
306 594 326 686 ή
353 596 434 680 θεὸς
463 595 546 686 αῦτη
575 604 797 684 κατενείματο.
837 605 977 666 τελεῖται
1002 597 1065 688 γὰρ
1093 603 1170 689 περὶ

153 703 214 773 τὸν
246 702 347 791 ζυγόν
378 714 468 792 Δηοῖ
497 702 675 791 καῖ’Κόρη
707 700 748 770 τά
776 701 880 790 σεμνά
911 705 977 772 καὶ,
996 701 1195 796 ἀπόρρηταο

112 811 326 900 Βμυστήρια.
367 813 422 881 καί
454 813 553 879 τοῦτο
581 808 716 891 εἰκότως
747 814 883 894 γίνεται.
924 808 986 898 χρή
1019 808 1084 900 γάρ
1112 815 1169 881 καὶ

154 913 287 986 ἀπιόντι
318 919 365 1009 τῷ
396 919 467 1008 θεῷ
498 918 697 1003 τελεσθῆναι
729 914 846 1002 πάλιν,
879 918 936 982 ἵνα
967 916 1074 1004 μηδὲν
1101 913 1168 988 ὑπὸ

153 1025 211 1110 τής
248 1020 356 1092 ἀθέου
397 1024 452 1092 καὶ
489 1023 660 1108 σκοτεινής
702 1020 859 1108 δυσχερὲς
898 1021 1061 1110 πάθωμεν
1098 1025 1168 1092 ἐπι-

154 1128 341 1217 κρατούσης
373 1127 555 1214 δυνάμεως.
602 1128 654 1206 δίς
685 1129 771 1212 γοῦν
800 1122 974 1214 Ἀθηναῖοι
1005 1131 1047 1217 τή
1079 1137 1172 1216 Δηοῖ

137 1237 287 1317 ιτελοῦσι
314 1232 354 1301 τὰ
373 1233 549 1321 μυστήρια,
577 1234 615 1299 έν
634 1227 724 1323 αὐτῷ
743 1230 805 1318 μὲν
832 1234 878 1323 τῷ
897 1237 979 1325 κριῷ
998 1233 1038 1302 τὰ
1057 1234 1168 1324 μικρά,
1184 1261 1208 1300 10

155 1346 250 1426 φασί,
278 1337 453 1429 μυστήρια,
481 1335 521 1405 τά
548 1338 673 1424 μεγάλα
701 1336 739 1405 δὲ
757 1339 832 1425 περὶ
856 1336 914 1418 τάς
941 1337 1042 1427 χηλάς
1071 1339 1169 1422 ὄντος

154 1439 264 1530 ήλίου,
292 1441 338 1513 δι’
368 1439 408 1524 ἀς
435 1449 576 1537 ἔναγχος
592 1447 680 1531 ἔφην
707 1448 824 1525 αἰτίας.
864 1444 990 1530 μεγάλα
1018 1445 1064 1514 δὲ,
1084 1444 1168 1516 ὠνο-

154 1549 284 1636 μάσθαι
311 1551 367 1619 καὶ
394 1546 494 1639 μικρά
521 1554 643 1636 νομίζω
671 1549 727 1617 καὶ
754 1546 865 1617 άλλων
892 1553 999 1638 ἕνεκα,
1027 1550 1168 1639 μάλιστα

156 1657 203 1740 δέ,
219 1651 276 1736 ὡς
303 1657 401 1737 είκός,
428 1655 552 1725 τοῦτον
579 1651 836 1744 ἀποχωροῦντος
853 1658 914 1724 τοῦ
937 1659 1023 1725 θεοῦ
1041 1661 1169 1745 μάλλον

107 1850 108 1853 ¹
154 1757 238 1851 ήπερ
270 1762 481 1850 προσιόντος·
516 1759 631 1849 διόπερ
660 1763 700 1829 ,ἐν
721 1760 862 1841 ’τούτοις
895 1759 978 1830 ὅσον
1006 1767 1053 1843 είς
1085 1759 1167 1833 ἀπό·
1183 1787 1207 1828 15

116 1875 279 1956 ὒμνησιν
311 1867 426 1957 μόνον.
471 1864 529 1935 άτε
561 1865 604 1955 δή
636 1868 692 1935 καὶ
723 1867 889 1955 παρόντος
920 1871 981 1936 τοῦ
1019 1872 1170 1958 σωτήρος

155 1975 211 2042 καὶ
239 1971 419 2061 άναγωγοῦ
445 1977 546 2060 θεοῦ,
564 1970 615 2041 ’τά
641 1974 813 2064 προτέλεια
841 1974 1083 2060 κατεβάλλοντο
1111 1978 1170 2063 τῆς

154 2083 296 2167 τελετής·
330 2079 400 2149 εἶτα
437 2078 557 2168 μικρὸν
589 2075 732 2167 ῦστερον
765 2074 896 2165 ἁγνεῖαι
932 2095 1082 2168 συνεχεῖς
1115 2084 1170 2150 καὶ

154 2189 223 2253 τῶν
251 2189 351 2274 ίερῦν
379 2182 548 2271 άγιστεῖαι.
590 2182 748 2266 ἀπιόντος
780 2184 818 2253 δὲ
849 2183 968 2254 λοιπὸν
994 2190 1056 2255 τοῦ
1083 2191 1170 2256 θεοῦ

155 2286 239 2377 πρὸς
265 2289 327 2378 τήν
355 2289 540 2378 ἀντίχθονα
569 2290 690 2379 ζώνην,
722 2292 777 2359 καὶ
810 2293 962 2379 φυλακής
989 2294 1086 2361 ἕνεκα
1114 2296 1169 2362 καὶ
1183 2318 1206 2357 20

157 2401 321 2483 σωτηρίας
349 2393 431 2466 αὐτὸ
459 2394 497 2464 τὸ
516 2397 701 2484 κεφάλαιον
728 2400 920 2466 ἐπιτελεῖται
947 2400 1016 2466 τόν
1044 2419 1168 2489 μυστη-

156 2506 248 2588 ρίων.
294 2497 357 2590 ὅρα
385 2503 434 2571 δέ·
468 2499 577 2592 ὥσπερ
605 2504 755 2572 ἐνταῦθα
781 2501 819 2572 τὸ
846 2505 904 2590 τής
930 2505 1091 2589 γενέσεως
1120 2516 1169 2574 αῖ-

155 2631 230 2675 τιον
261 2603 492 2695 ἀποτέμνεται,
525 2606 612 2678 οὕτω
641 2609 678 2678 δὲ
710 2610 766 2677 καὶ
797 2608 887 2697 παρὰ
911 2606 1105 2697 Ἀθηναίοις
1138 2616 1172 2681 οί

155 2713 224 2779 τῶν
256 2709 410 2804 ἀρρήτων
442 2709 623 2802 ἁπτόμενοι
654 2730 814 2802 παναγεῖς
846 2721 924 2802 εἰσι,
957 2718 1012 2785 καὶ
1046 2713 1064 2785 ὁ
1093 2719 1169 2786 τοῦ·

112 2824 137 2879 D
155 2844 225 2887 των
252 2819 398 2910 ἐξάρχων
427 2820 626 2909 ἱεροφάντης
653 2817 877 2910 ἀπέστραπται
894 2825 1007 2891 πάσαν
1024 2820 1087 2910 τήν
1115 2827 1167 2911 γε’-
1182 2845 1214 2885 ιν

155 2944 261 3013 νεσιν,
290 2921 335 3006 ὡς
362 2923 405 2995 οῦ
422 2925 531 3016 μετὸν
558 2924 648 3019 αὐτῷ
675 2930 733 3017 τής
760 2925 811 2996 ἐπ’
842 2926 980 3018 ἀπειρον
1006 2929 1168 3019 προόδου,

155 3034 214 3119 τής
246 3027 430 3122 ὡρισμένης
461 3031 499 3102 δὲ
526 3034 583 3102 καὶ
615 3031 666 3103 ἀεὶ
697 3034 865 3123 μενούσης
896 3037 953 3103 καί
980 3037 1017 3103 ἐν
1045 3038 1090 3128 τῷ
1119 3037 1168 3105 ἑνὶ

157 3140 380 3228 συνεχομένης
408 3136 525 3221 οῦσίας
552 3136 722 3230 ἀκηράτου
748 3142 858 3209 τεκαὶ
885 3143 1047 3229 καθαράς.
1084 3137 1169 3230 ὑπὲρ

156 3241 217 3329 μὲν
244 3242 287 3330 δὴ
315 3244 444 3318 τούτων
471 3241 599 3336 ἀπόχρη
626 3249 781 3315 τοσαῦτα.

78 3486 80 3489 .
242 3450 274 3498 10
295 3442 327 3501 ἐν
345 3442 425 3513 αάτῷ
449 3449 483 3514 V]
508 3444 595 3519 αὐτῷ.
624 3450 660 3502 οῖ.
680 3453 765 3503 lm
851 3454 882 3502 19
907 3447 1001 3520 ίερῶν]
1025 3447 1124 3518 ίερέων
1142 3453 1169 3503 Η

149 3514 187 3564 28
202 3505 279 3579 ὑπὲρ
297 3514 333 3582 VJ
351 3508 399 3568 ἐπὶ
