2422 3862
111 157 174 222 508
411 154 554 206 mmm
572 151 825 205 ωωυοουοοιε

112 295 224 383 πολλῷ
257 291 295 359 δέ
327 288 481 373 κάλλιον,
518 293 549 355 εί
575 289 609 367 ές
634 287 698 375 τὴν
724 284 860 373 τεροιὸιυ
888 291 994 354 έλθοι.
1042 289 1074 352 εί
1102 284 1140 353 δέ
1186 344 1190 352 .

72 399 168 468 Οκαλ
195 396 260 484 τὴν
287 393 380 483 ὥραν
407 391 513 462 αὐτοῦ
541 392 605 480 τὴν
632 395 671 460 έν
697 407 768 471 τοίς
790 392 944 480 δένδροις
967 387 1139 482 ὀφθαλμῷ

113 504 240 590 λάβοις,
262 503 319 571 καὶ
342 500 433 580 ὅπως
453 499 594 569 ἑκάστου
611 503 680 568 τῶν
696 500 855 587 πρέμνων
874 497 1049 585 έπιμὴκεσι
1069 512 1140 578 τοῖς

113 612 264 697 κέντροις
287 608 422 694 [οίονελ]
455 606 611 676 καλύκων
638 610 738 694 δίκην
766 602 967 691 άπὴρτηται,
1000 601 1024 692 ἡ
1048 604 1139 686 ὅπως

115 717 152 784 έν
182 715 294 805 κύκλῳ
326 722 460 799 περιθεῖ
488 715 534 803 τῷ
566 716 681 803 καρπῷ
710 711 748 779 τὸ
777 712 924 798 δένδρον
951 706 1060 790 άλλας
1089 704 1163 780 έπέ

114 809 231 901 άλλαις
253 822 291 888 ἐν
312 825 412 911 τοίχῳ
430 833 605 906 περιφερεῖ
622 822 810 897 πολυειδεῖς
828 814 968 904 ἀγλαΐας
987 818 1141 904 μηχανά·

12 950 13 953 ’
60 951 99 991 ω
115 953 250 1015 μενον,
266 935 369 1016 φαίης
396 924 439 995 άν
466 923 556 1018 αὐτῷ
583 925 737 1014 καθάπερ
766 927 804 992 ἐν
831 923 924 1015 ὅρμῳ
953 924 1058 1010 δέρης
1084 925 1141 1005 τὰς

114 1037 184 1101 τῶν
212 1034 366 1122 δένδρων
393 1033 570 1120 ἐξαιρέσεις
597 1029 711 1099 αὐτοῦ.
756 1030 812 1097 καλ
839 1027 861 1116 ἡ
889 1027 974 1115 πρὸς
998 1037 1140 1118 χρονίαν

71 1137 226 1225 Βμονὴν
258 1140 461 1226 ἐπιτέχνησις
493 1134 555 1206 οὐκ
587 1137 746 1205 ἐλάττονα
777 1138 836 1222 τὴς
870 1136 902 1212 ἐς
932 1131 996 1219 τὴν
1024 1143 1140 1224 χρείαν

116 1241 243 1329 ἡδονῆς
270 1249 336 1331 ἔχει
363 1243 426 1330 τὴν
454 1247 663 1329 φιλοτιμίαν·
701 1239 743 1309 οὐ
766 1238 830 1327 γάρ
853 1237 964 1325 ὥσπερ
980 1238 1031 1318 ,τὰ
1055 1240 1138 1312 άλλα
1150 1269 1170 1310 ιο

116 1351 184 1416 τῶν
221 1347 335 1415 σύκων
370 1345 457 1434 ὸμοῦ
493 1347 548 1414 καὶ
578 1347 660 1415 κατὰ
692 1342 817 1415 ταύτὸν
850 1349 1022 1432 έρριπται,
1061 1347 1139 1417 οὐδὲ

118 1453 298 1540 [καθάπερ]
326 1451 484 1540 σωρηδὸν
511 1449 531 1540 ἡ
560 1453 669 1541 χύδην
695 1451 779 1543 ἡλίῳ
801 1457 1025 1538 τερσαίνεται,
1057 1454 1138 1525 ἀλλὰ

117 1564 252 1645 πρῶτον
282 1559 345 1646 μὲν
380 1557 487 1648 ἡρέμα
518 1563 588 1629 τῶν
620 1560 774 1648 δένδρων
806 1554 891 1627 αὐτὸ
924 1572 998 1639 ταῖς
1024 1563 1138 1648 χερσὶν

117 1662 384 1753 άποδρέπουσιν,
416 1670 527 1734 ἔπειτα
550 1663 691 1754 ὅρπηξιν
714 1660 734 1752 ἡ
758 1663 898 1752 ῥάβδοις
918 1659 1145 1736 ἀκανθώδεσι

66 1850 68 1853 v
117 1776 186 1841 τῶν
220 1778 344 1859 τοίχων
379 1770 586 1859 άπαρτάσιν,
624 1776 681 1840 ἵνα
713 1777 927 1858 λευκαίνηται
959 1772 1024 1860 μὲν
1057 1771 1137 1865 ἡλίῳ
1150 1800 1169 1841 ο

117 1883 257 1971 καθαρῷ
290 1883 574 1967 προσομιλοῦντα,
602 1881 696 1969 μένη
715 1876 748 1947 δ’
779 1878 1046 1967 άνεπιβοάλευτα
1074 1885 1139 1948 τῶν

119 1984 213 2077 ζῳων
234 1985 290 2053 καὶ
312 1987 381 2053 τῶν
403 1981 585 2073 ὀρυιδίων,
616 1987 721 2056 οίονελ
744 1990 813 2056 τῶν
835 1988 985 2077 κέντρων
1007 1993 1050 2078 τὴ
1069 1985 1139 2058 άλε-

64 2090 209 2178 394ξὴσει
237 2091 529 2181 δορυφόρούμενα.
573 2095 630 2161 καὶ
659 2095 734 2181 περὶ
758 2094 820 2182 μὲν
842 2098 1006 2182 γενέσεως
1028 2097 1139 2167 αὐτῶν

117 2197 173 2265 καί
209 2198 414 2284 γλυκύτητος
449 2192 512 2266 καλ
538 2197 627 2287 ὥρας
658 2200 714 2268 καὶ
745 2199 910 2288 ποιήσεως
941 2203 999 2271 καὶ
1028 2211 1140 2292 χρείας

117 2303 221 2371 ταῦτά
245 2322 299 2372 σοι
320 2300 399 2391 παρ’
424 2301 521 2391 ἡμῶν
543 2303 564 2393 ἡ
589 2306 743 2394 ἐπιστολὴ
767 2316 971 2393 προσπαίζει.
1150 2335 1171 2374 υ

198 2405 237 2474 Ὅ
258 2434 296 2495 με
314 2406 383 2495 μὴν
399 2412 467 2476 τῶν
486 2409 606 2478 ἑκατὸν
624 2408 770 2500 ἀριθμὸς
787 2410 832 2492 ὡς
850 2418 919 2482 ἔστι
937 2418 1008 2484 τῶν
1026 2415 1139 2485 ἄλλων

117 2514 311 2603 τιμιώτερος
332 2514 388 2582 καὶ
411 2513 448 2584 τὸ
473 2517 586 2584 τέλεον
610 2518 647 2585 έν
669 2514 758 2610 αὐτῷ
782 2522 851 2588 τάν
873 2517 1033 2609 ἀριθμῶν
1051 2532 1140 2611 περι-1

187 2717 202 2764 1
222 2707 250 2764 εἰ
266 2704 295 2773 ές
309 2749 334 2764 ..
349 2712 466 2776 τερσίαν
476 2750 482 2764 .
494 2755 499 2766 .
513 2714 566 2765 θοι
583 2715 619 2778 V;
639 2716 787 2766 articulum
799 2717 888 2782 igitur
899 2719 1003 2774 addidi.
1021 2717 1139 2785 τερσιάν

112 2781 216 2840 Ἠτοὸ.,
247 2773 369 2846 τρασιάυ
388 2779 572 2832 Schneiderus
591 2782 620 2830 in
639 2784 705 2837 Lex.
725 2782 771 2834 Gr.
791 2800 814 2842 s.
833 2801 860 2836 v.
944 2789 960 2837 3
980 2781 1137 2853 λάβοις,,.

118 2840 195 2909 ὅπως
213 2851 238 2900 V
280 2852 297 2900 4
315 2843 446 2914 κέντροις
466 2847 563 2914 Hreh.]
580 2843 709 2915 κέντροις
728 2845 820 2903 οίονελ
836 2851 840 2917 Ι
855 2846 1023 2919 άπὴρτηται
1043 2851 1136 2908 Ητοὸλ

118 2909 300 2984 ἀπήρτηνται
381 2918 476 2966 bete
506 2909 552 2967 ἐπ’
572 2906 785 2983 άλλαιςΗτοὸὴ
817 2911 864 2971 ἔπ’
884 2910 984 2981 άλλοις
1003 2923 1043 2986 V,
1074 2917 1136 2990 μετ’

119 2977 244 3044 άλλαςν
296 2981 416 3048 6τοίχω
434 2983 469 3042 V]
489 2984 591 3052 στοίχῳ
644 2976 750 3037 λαάτὸ
769 2985 812 3048 Vl
839 2979 871 3039 έν
890 3005 942 3045 om.
961 2996 1018 3054 pet.
1039 2991 1135 3057 spanh.

120 3048 251 3117 Ιδέρρης
268 3051 293 3101 V
362 3045 448 3116 9τὴν
466 3066 517 3101 om.
535 3055 615 3102 mart.
633 3058 689 3116 pet.
747 3056 779 3103 12
798 3048 929 3121 σωρηδὸν
949 3057 1046 3124 Hrch.]
1066 3059 1136 3110 καθ-

118 3110 191 3183 άπερ
210 3111 341 3186 σωρηδὸν
391 3121 422 3170 13
441 3110 517 3170 αάτά
535 3117 634 3186 Hrch.)
652 3110 723 3170 αὸτὸ
775 3123 807 3172 14
824 3111 995 3190 ὸρπηξινν]
1015 3116 1135 3193 ὅρπηξιν

331 3195 354 3224 W

120 3226 345 3317 [άμανηδωδεσι
372 3237 397 3288 V
466 3238 498 3288 15
517 3235 656 3319 λευκαίνη
672 3233 820 3321 ...μένῙ
890 3243 922 3292 16
942 3237 977 3294 δὲ
997 3241 1042 3308 V!
1068 3241 1133 3308 τῶν]

118 3319 175 3353 ατο
194 3320 250 3354 των
270 3309 428 3369 ευομιοολοο
445 3305 528 3356 Hrch.
565 3308 596 3356 17
615 3304 692 3367 ζωων
704 3344 710 3357 .
722 3348 730 3362 .
741 3348 747 3360 .
758 3344 765 3358 .
778 3308 957 3372 ορνιθίωνν
977 3307 1067 3373 (ζαέων
1086 3310 1133 3363 καλ

118 3401 174 3453 τῶν
192 3393 333 3470 ὄρνιθίων
351 3403 389 3455 V¹¹
408 3405 469 3470 Pe),
501 3397 577 3469 ζώων
596 3423 627 3458 τε
646 3405 695 3458 καλ
713 3397 856 3474 ὄρνιθίων
872 3425 890 3459 v
961 3413 995 3462 18
1013 3377 1083 3511 ἵζει
1101 3413 1133 3471 V]

35 3545 36 3548 ,
117 3492 190 3569 ὑπὲρ
207 3498 262 3571 μὲν
297 3503 302 3571 Ι
333 3495 467 3558 αὖτοῦν
536 3509 568 3557 22
588 3497 665 3576 αὐτῷ
685 3508 781 3577 Hrch,j
800 3499 903 3580 αὐτῷ,
