2446 3870
156 159 215 223 118
454 161 597 213 ιυιιευι
616 160 866 214 ιιιευιεετοειε

152 284 231 356 οῦτε
262 283 369 376 ἀργον
402 284 479 358 οῦτε
511 287 662 369 αὔθαδες
693 284 842 370 ἀνέξεται
869 285 956 356 εἶναι
990 284 1067 356 οῦτε
1100 286 1168 376 μὴν

97 413 131 464 92
151 393 262 475 ἐνδεὲς
293 396 362 463 τῶν
394 391 601 482 ἀναγκαίων·
637 393 676 464 τό
711 394 747 464 δέ
780 397 817 462 ἐν
849 408 919 476 τοῖς
951 391 1068 483 ἀγροῖς
1098 396 1168 463 τῶν

150 503 309 589 γεωργῶν
350 503 461 589 φῦλον
502 499 664 590 ἀροῦντες
699 501 755 570 καλ
792 500 997 588 φυτεύοντες
1034 499 1169 590 τροφὴν

150 604 330 677 ἀποίσουσι
356 621 426 688 τοῖς
454 607 577 695 φύλαξι
604 609 660 676 καλ
689 606 878 698 ἐπικούροις
905 610 1012 694 σφῶν,
1040 606 1169 694 μισθὸν

149 715 205 784 καὶ
223 715 350 801 ἐσθῆτα
368 712 430 802 τὴν
448 711 645 799 ἀναγκαίαν.
687 713 935 802 οἰκοδομήματα
954 713 991 782 δέ
1008 709 1168 803 Ἀσσύρια
1184 746 1196 789 5

150 822 206 889 καὶ
242 828 433 902 πολυτελεῖς
468 823 525 890 καὶ
563 818 759 910 δαπανηρὰς
794 827 1003 909 λειτουργίας
1039 827 1170 910 χαίρειν

151 925 307 1007 ἐάσαντες
335 929 372 996 ἐν
400 927 516 1018 εἰρήνῃ
551 929 657 1016 πολλῇ
684 929 752 994 τῶν
778 953 813 995 τε
846 927 972 1007 ἔξωθεν
999 932 1168 1014 πολεμίων

150 1033 206 1102 καὶ
231 1034 301 1101 τῶν
329 1043 467 1104 οἴκοθεν
494 1033 771 1121 καταβιῶσονται,
800 1029 995 1118 ἀγαπῶντες
1017 1031 1078 1120 μὲν
1104 1030 1168 1101 τὸν

150 1147 259 1207 αίτιον
290 1142 359 1208 τῶν
395 1140 574 1230 παρόντων
611 1144 707 1227 σφίσι
740 1138 892 1228 καθάπερ
926 1136 1061 1226 ἀγαθὸν
1094 1143 1168 1206 δαί-

113 1261 252 1335 Βμονα,
284 1241 471 1332 ὑμνοῦντες
503 1245 541 1314 δέ
573 1242 625 1315 ἐπ’
659 1241 750 1336 αὐτῷ
783 1243 843 1314 τὸν
874 1244 960 1314 θεὸν
986 1245 1044 1314 καὶ
1072 1246 1168 1314 έπευ-
1183 1278 1208 1317 10

149 1351 299 1438 χόμενοι,
332 1348 406 1420 οῦτι
438 1354 591 1434 πλαστῶς
623 1347 704 1420 οὐδὲ
736 1349 800 1421 ἀπὸ
834 1352 994 1440 γλώττης,
1022 1355 1168 1420 ἔνδοθεν

149 1456 188 1525 δὲ
215 1453 273 1526 ἀπ’
304 1452 406 1546 αὐτῆς
437 1460 496 1547 τῆς
527 1461 636 1547 ψυχῆς
668 1459 822 1528 αίτοῦσιν
855 1455 945 1550 αὐτῷ
973 1455 1014 1527 τά
1042 1454 1168 1544 ἀγαθά.

150 1563 325 1652 φθάνουσι
352 1564 390 1633 δὲ
418 1568 454 1635 οί
477 1567 553 1634 θεολ
579 1563 639 1646 τάς
666 1560 858 1652 εῦχάς,,καλ
882 1561 973 1656 αὐτῶ
1001 1563 1168 1654 πρότερον

148 1667 189 1739 τά
226 1680 304 1739 θεῖα
341 1670 457 1752 δόντες
494 1668 574 1741 οῦδὲ
609 1673 679 1740 τῶν
710 1667 938 1760 ἀνθρωπίνων
975 1672 1167 1759 ἐστέρησαν.

150 1781 182 1846 εί
207 1776 245 1845 δέ
271 1774 309 1845 τὸ
336 1775 444 1867 χρεῶν
476 1777 621 1866 βιάζοιτο
654 1779 744 1869 κακῶ
771 1804 817 1869 τῳ
850 1783 1056 1867 περιπεσεῖν,
1088 1776 1166 1846 τοῦ·
1182 1809 1207 1848 15

149 1910 217 1952 των
250 1881 292 1972 δὴ
325 1886 394 1953 τῶν
423 1886 670 1974 θρυλουμένων
702 1880 909 1971 ἀνηκέστων·
941 1882 1106 1972 χορευτήν
1132 1910 1168 1952 τε

150 1985 263 2060 αῦτῶν
300 1991 499 2080 ἐποιήσαντο
536 1992 592 2060 καὶ
630 1992 822 2077 συνέστιον,
854 1991 911 2059 καλ
944 1985 1035 2081 αὐτῷ
1072 1991 1168 2070 κλέος

114 2093 230 2168 οκαθ’
265 2093 414 2180 ἅπαντας
444 2096 582 2187 ἤγειραν
614 2094 827 2186 ἀνθρώπους.
873 2100 978 2164 ταῦτα
1005 2093 1070 2182 ἐγῶ
1099 2097 1168 2163 τῶν

151 2206 269 2289 σοφῶν
302 2200 414 2273 ἀκούω
451 2204 624 2291 πολλάκις,
659 2209 719 2273 καί
752 2228 792 2290 με
829 2198 847 2271 ὁ
886 2202 984 2289 λόγος
1022 2204 1168 2291 ἰσχυρῶς

150 2315 269 2376 πείθει.
315 2305 442 2378 οὐκοῦν
473 2311 529 2378 καὶ
562 2312 596 2392 ές
626 2304 714 2399 ὑμᾶς
745 2306 851 2378 αὐτὸν
879 2310 1073 2396 διεξῆλθον,
1105 2335 1167 2395 μα·
1181 2339 1206 2378 εο

149 2413 290 2504 κρότερα
321 2413 383 2501 μὲν
414 2413 518 2504 τυχὸν
551 2426 631 2498 ἴσως
666 2418 728 2485 τοῦ
764 2418 885 2505 καιροῦ
922 2413 1167 2504 φθεγγόμενος,

151 2519 309 2589 ἐλάττονα
342 2520 380 2589 δέ
412 2519 505 2610 οἶμαι
536 2525 594 2610 τῆς
625 2519 832 2603 ὑποθέσεως·
864 2523 921 2591 καλ
948 2517 1014 2613 ότφ
1048 2523 1167 2608 γέγονε

149 2628 219 2694 τῶν
258 2627 421 2697 τοιούτων
458 2628 568 2715 λόγων
609 2628 787 2698 έπακοῦειν
823 2630 860 2698 έν
898 2632 1071 2717 φροντίδι,
1110 2616 1166 2695 οῦ-

150 2758 207 2813 τος
245 2729 295 2801 ότι
333 2730 377 2823 μὴ
414 2735 582 2823 ψεύδομαι
619 2738 736 2824 σαφῶς
772 2736 951 2803 ἐπίσταται.
1002 2735 1098 2822 ἑτέρα
1131 2733 1170 2801 δέ

220 2995 234 3042 1
255 2982 323 3045 οῦτε
342 2985 432 3060 ἀργὸν
455 2985 523 3046 οῦτε
542 2983 675 3052 αῦθαδες
693 2990 763 3059 VM]
789 2985 860 3045 οῦδὲ
880 2983 1014 3052 αῦθαδες
1083 2994 1100 3042 4
1118 2989 1166 3042 καὶ

149 3058 187 3128 V]
211 3051 230 3142 ἢ
299 3062 375 3113 5-‘1
393 3053 612 3127 οἰκοδομήματα
630 3086 663 3097 -
681 3053 818 3121 ἐάσαντες
842 3062 888 3118 cit,
918 3059 1017 3112 fluidas
1034 3077 1060 3112 v.
1091 3055 1168 3111 οἰκο-

121 3162 122 3166 =
153 3127 309 3196 δομηματα
332 3127 361 3180 et
381 3144 408 3178 v.
426 3125 550 3194 ψεκτὲος
617 3129 634 3179 6
657 3124 706 3179 καὶ
729 3130 895 3188 πολυτελεῖς
918 3145 971 3182 om.
990 3127 1066 3179 Suid.
1137 3129 1166 3176 11

104 3259 105 3264 ¹
151 3190 236 3264 οῦδὲ]
260 3188 328 3249 οῦτε
346 3196 372 3248 V
441 3198 473 3247 14
496 3195 552 3248 τῶν
571 3187 736 3260 ἀνθρώπων
753 3196 779 3248 V
848 3199 880 3248 15
906 3189 938 3247 τδ
959 3187 1051 3263 χρεῶν
1068 3191 1106 3262 V]
1128 3189 1166 3260 τῷ

151 3257 243 3329 χρεῶν
269 3262 273 3327 1
300 3266 467 3329 περιπεσεῖν
499 3262 669 3332 περιβαλεῖν
691 3263 759 3316 Rsk.
841 3266 873 3314 16
895 3256 1105 3342 θρυλουμένων
1126 3257 1166 3343 H]

59 3394 62 3400 .
150 3325 377 3396 θρυλλουμένων
403 3331 408 3397 Ι
435 3348 465 3384 τε
500 3349 566 3384 τινα
588 3333 618 3382 Μ
687 3333 718 3382 17
741 3323 838 3384 αῦτῶν
855 3328 893 3397 H]
913 3330 1013 3383 αυτῶν
1038 3329 1044 3396 Ι
1071 3322 1169 3395 ίποιη·

151 3413 239 3450 οαντο
256 3397 293 3466 V]
312 3415 342 3450 τε
362 3391 534 3467 ἐποιήσαντο
589 3401 637 3451 v20
659 3415 718 3464 μακ
738 3392 824 3464 ότεροι
841 3396 878 3466 Η]
897 3391 1075 3465 μακρότερον
1135 3399 1167 3448 21

140 3459 239 3588 ἶμμγρν
262 3465 325 3546 εδδ.
345 3467 371 3516 V
439 3470 472 3517 22
496 3460 636 3520 ἐλάττονα
658 3416 740 3534 Eeho]
766 3461 886 3519 έλαττον
955 3469 988 3518 23
1011 3459 1169 3518 ἐπακούειν

192 3548 361 3586 υπακυυειν
