2446 3870
75 864 128 914 τοι
179 836 471 913 ΙΟΤΛΙΛΝΟΤ
505 835 928 913 ΛΎΤΟΚΡΑΤΟΡΟΣ
960 834 1123 914 ΠΡΟΣῨ

363 956 657 1029 ΗΡΑΚΛΕΙΟΝ
689 954 910 1030 ΚΤΝΙΚΟΝ

130 1095 223 1147 ΠΕΡΙ
240 1093 317 1144 ΤΟΤ
340 1091 420 1142 ΠΩΣ
443 1091 660 1143 ΚΥΝΙΣΤΕΟΝ
677 1092 742 1142 ΚΑΙ
763 1093 803 1143 ΕΙ
820 1093 968 1144 ΠΡΕΠΕῙ
984 1093 1034 1144 ΤΩ
1053 1094 1148 1146 ΚΤΝΙ

445 1175 605 1226 ΜΤΘΟΤΣ
625 1176 827 1234 ΠΛΑΤΤΕΙΝ.

205 1330 251 1407 Ἦ
272 1335 378 1407 πολλά
406 1339 535 1423 νένεται
563 1338 600 1405 έν
618 1341 733 1430 μακρῷ
761 1338 886 1430 χρόνῳ·
913 1343 1012 1409 τούτο
1034 1343 1070 1409 ἐκ
1088 1345 1173 1430 τῆςτ

129 1450 306 1535 κωμῳδίάς
343 1441 500 1531 ἀκηκοότι
537 1471 593 1531 μοι
629 1444 748 1536 πρῳήν
790 1448 935 1534 ἐπῆλθεν
977 1449 1148 1536 ἐκβοῆσαι,

131 1547 275 1638 ὁπηνίκα
303 1552 573 1639 παρακληθέντες
600 1547 803 1639 ῆκρούμεθα
820 1551 924 1632 κυνὸς
942 1550 1018 1620 ούτι
1045 1552 1149 1643 τορὸν

131 1654 211 1726 ούδδ
248 1672 406 1743 γενναῖον
443 1652 683 1744 ὑλακτοῦντος,
716 1654 789 1726 ἀλλ’
825 1656 935 1745 ὥσπερ
967 1662 1005 1726 αί
1034 1666 1149 1728 τίτθαι

130 1764 264 1851 μύθους
300 1762 442 1854 ᾄδοντος
473 1765 529 1832 καὶ
565 1760 647 1831 οὐδὲ
682 1763 824 1844 τούτους
858 1760 962 1850 ὑγιῶς
1000 1769 1147 1835 διατιθε-

130 1872 243 1958 μένου.
289 1873 488 1959 παραχρῆμα
515 1868 577 1956 μὲν
605 1861 669 1938 οὖν
692 1872 820 1956 ἐπῆλθέ
844 1896 901 1958 μοι
929 1872 1147 1941 διαναστάντι
1161 1906 1187 1945 10

89 1981 289 2047 Βδιαλύσαι
324 1975 385 2045 τὸν
422 1975 601 2062 σύλλογον
644 1977 713 2044 ἐπεὶ
750 1975 787 2043 δὲ
823 1979 924 2065 ἐχρῆν
961 1974 1073 2066 ὥσπερ
1111 1981 1149 2046 ἐν

92 2173 97 2177 .
129 2084 260 2173 θεάτρῳ
281 2085 559 2173 κωμῳδουμένων
573 2077 773 2171 Ἡρακλέους
791 2084 847 2151 καλ
861 2082 1039 2152 Διονύσου
1057 2083 1149 2173 παρά

129 2192 198 2257 τῶν
225 2192 398 2278 κωμῳδῶν
426 2184 577 2272 άκούειν,
611 2185 653 2256 ού
680 2190 742 2256 τοῦ
769 2191 939 2274 λέγοντος,
968 2186 1053 2258 άλλά
1079 2194 1149 2259 τῶν

130 2295 395 2380 συνειλεγμένων
422 2293 520 2381 χάριν
545 2288 716 2381 ὑπέμεινα,
744 2297 871 2381 μᾶλλον
899 2297 946 2380 δέ,
975 2300 1006 2363 εί
1027 2296 1089 2384 χρῆ
1117 2324 1149 2364 τι

130 2401 186 2467 καὶ
214 2398 456 2488 νεανικώτερον
484 2405 600 2486 εἰπεῖν,
627 2396 724 2487 ῆμῶν
751 2397 864 2468 αὐτῶν
886 2403 984 2470 ἕνεκα
1011 2404 1067 2470 καλ
1085 2406 1148 2472 τού
1162 2436 1189 2477 15

131 2503 205 2594 (μῆ)
238 2510 352 2574 δοκεῖν
383 2501 450 2574 ὑπὸ
484 2509 749 2593 δεισιδαιμονίας
780 2509 920 2594 μᾶλλον
938 2503 959 2594 ῆ
994 2512 1148 2589 διανοίας

91 2609 294 2698 Οεύσεβούς
320 2612 376 2680 καὶ
404 2614 647 2700 λελογισμένης,
675 2609 787 2699 ὥσπερ
811 2616 849 2680 αι’
872 2612 1052 2699 πελειάδες,
1066 2611 1147 2684 ’ὑπὸ

131 2721 200 2787 τῶν
227 2722 399 2806 ῥηματίων
418 2720 577 2806 σοβηθεὶς
605 2715 801 2805 ἀναπτῆναι.
844 2725 963 2806 έμενον
982 2719 1020 2788 δὲ
1039 2723 1147 2789 ἐκεῖνο

130 2824 213 2913 πρὸς
241 2821 387 2912 ἐμαυτὸν
415 2822 519 2893 εἰπάν

201 2982 456 3073 Ιαῆτοκράτορος]
477 2983 654 3073 αύηούοτον
657 2991 682 3040 V
763 2993 779 3040 2
797 2985 985 3072 Ηράκλειτον
1003 2992 1104 3044 Suidas
1122 3011 1148 3046 v.
1206 3031 1210 3037 -

126 3051 286 3118 Ἰουλιανός
371 3063 455 3110 3et4
481 3058 531 3109 καὶ
550 3055 578 3109 εί
600 3054 704 3124 πρέπει
723 3057 762 3128 τῷ
785 3059 851 3110 κυνὶ
870 3053 985 3136 μύθους
1008 3054 1148 3112 πλάττειν

132 3129 183 3179 eV
202 3127 355 3190 adjecimus
435 3115 568 3192 ὁῆειδδ
587 3129 612 3170 V
692 3112 777 3177 bet'ss
800 3121 832 3177 ἐκ
850 3144 902 3192 της
919 3125 1085 3195 κωμωδίας]
1105 3129 1148 3178 Ex

130 3194 274 3260 Eupolidis
293 3195 436 3246 comoedia
455 3195 562 3277 aliquaz
582 3194 639 3248 vid.
656 3195 776 3245 Meinek.
795 3195 904 3261 Fragm.
923 3194 999 3247 Gom.
1019 3195 1068 3248 Gr.
1081 3195 1117 3247 ΙΙ.
1134 3200 1147 3246 l

131 3280 157 3343 p.
175 3265 225 3313 549
306 3254 556 3327 λούτιτορόν1”
540 3254 729 3325 οντιτδμοι.
812 3266 842 3313 11
862 3255 1046 3313 διοιλύσαιλ7
1115 3267 1148 3313 12

129 3323 312 3414 ῆρρικλέοςν
371 3334 403 3380 15
422 3329 562 3381 stvauaV
582 3336 610 3378 et
629 3334 684 3411 pet
744 3331 814 3380 lbet
827 3331 859 3380 16
877 3328 927 3381 καλ
945 3344 1034 3392 του
1036 3323 1148 3411 Met]

130 3415 180 3446 και
199 3413 250 3446 τον
268 3413 300 3460 v,
322 3394 372 3447 τοῦ
389 3391 428 3463 μὴ
449 3396 514 3452 Cob
585 3401 616 3448 18
640 3393 742 3462 έμενον
760 3394 797 3464 V]
818 3393 936 3457 έμελλον
1007 3401 1038 3448 19
1036 3349 1148 3450 ηείπών

122 3461 162 3527 λζ]
178 3433 300 3515 τίνειν
