2422 3862
353 146 560 200 ssls'rouss
579 152 619 202 τι.
639 152 681 202 ιε.
700 152 740 202 19.
988 136 1053 215 4'99

34 281 203 368 άπλύσαι,
234 287 304 352 τῶν
330 284 442 370 λόγων
470 279 521 364 οἷς
543 289 606 370 ἔχω
630 304 668 352 σε
689 299 822 372 πτεροῖς
843 286 1052 373 μετέρχομαι,
1113 332 1115 337 -

34 388 91 456 καί
114 388 234 477 γράφω
258 391 313 456 καλ
338 389 470 477 σύνειμι
492 388 553 458 τὸν
578 389 725 459 δυνατὸν
747 389 890 489 τρόπον.Ι
919 390 1053 472 πάντως

34 519 101 564 που
123 495 179 562 καί
194 492 347 583 Ὅμηρος
370 494 493 579 αύτούς
516 495 578 565 ούιι
600 494 705 586 άλλου
726 524 788 567 τοο
811 501 910 586 χάριν
931 492 952 583 ἢ
976 494 1052 564 τού-

34 627 97 669 του
132 599 327 686 πτερόεντας
362 599 530 690 ὀνομάζει,
567 602 654 670 διότι
687 605 849 672 δύνανται
881 607 1071 690 πανταχοῦ,

9 710 173 794 εφοιτάν,
203 705 313 793 ὥσπερ
342 711 377 774 ολ
401 706 577 794 ταχύτατοι
597 712 668 777 τάν
691 706 844 796 ὀρνίθων
866 700 888 798 ᾖ
912 704 954 777 άν
979 710 1095 778 ἐθέ-Ι)

35 823 141 881 λωσιν
168 810 331 902 ᾅττοντες.
376 812 485 901 γράφε
508 813 623 881 δὲκαὶ
647 811 763 900 αὐτάς,
796 807 959 902 άχφίλος·
997 824 1052 903 um

35 918 100 1006 γάρ
128 916 238 1004 δήπου
262 937 316 986 σοι
338 923 406 987 τῶν
429 918 556 1005 λόγων,
589 922 619 985 εί
640 912 685 1006 μὴ
708 919 764 987 καί
787 926 920 1009 μείζων,
947 918 1054 1009 ὑπάρ-

35 1052 85 1112 χει
109 1021 157 1111 [ἡ]
186 1009 362 1110 πτέρωσιρ,
393 1016 415 1112 ᾗ
442 1023 522 1103 τοὺς
550 1024 702 1111 ἑταίρους
724 1033 883 1112 μεταθεῖν
908 1026 1053 1095 δύνασαι

35 1131 92 1198 καλ
114 1129 330 1216 πανταχόθεν
352 1127 397 1210 ὡς
418 1128 536 1219 παρὼν
558 1126 763 1217 εὐφραίνειν.

2 1317 22 1356 ,ο
269 1286 327 1356 ιθ’.
360 1285 579 1370 Ἰουλιανὸς
597 1286 821 1381 Ἑαηβολίφ.
924 1306 925 1309 ’

126 1409 288 1502 Πινδάρῳ
316 1412 378 1499 μὲν
405 1409 571 1500 άργυρέας
593 1411 680 1480 εἶναι
704 1417 799 1481 δοκεῖ
818 1412 876 1494 τὰς
899 1413 1053 1501 Μούσας,

36 1518 143 1586 οίονεὶ
165 1516 202 1585 τὸ
228 1521 370 1604 ἔκδηλον
393 1517 506 1606 αύτῶγ
528 1520 584 1586 καλ
606 1520 788 1606 περιφανὲς
809 1524 869 1607 τῆς
886 1522 1002 1608 τέχνης
1020 1522 1106 1601 ἐςῖεῖ

34 1623 73 1691 τὸ
104 1627 162 1711 τῆς
188 1623 271 1711 ύλης
293 1624 525 1712 λαμπρότερον
548 1622 772 1705 άπεικάζοντι·
805 1623 949 1714 Ὅμηρος
973 1629 1010 1694 δὲ
1033 1625 1094 1694 <iss

36 1729 143 1817 σοφὸς
169 1731 230 1800 τόν
256 1757 292 1799 τε
319 1729 470 1819 άργύρον
498 1729 677 1818 άίγλήεντα
703 1732 792 1816 λέγει
820 1730 935 1800 καὶτὸ
960 1731 1053 1822 ὕδωρ

2 1863 19 1904 ,ι
36 1832 204 1930 ἀργύρεον
233 1836 404 1924 ὀνομάζει,
435 1836 588 1925 καθάπερ
615 1834 714 1924 ἡλίου
735 1844 903 1923 ιἰαθαραῖς
924 1835 1054 1907 άκτῖοιν

36 1938 126 2033 αύτῷ
154 1948 199 2037 τῷ
228 1947 287 2030 τῆς
310 1941 440 2022 είκόνος
462 1946 595 2034 φαιδρῷ
620 1941 878 2030 μαρμαρύσσον·
920 1946 1052 2032 Σαπφὼ

36 2046 101 2138 (δ’)
137 2047 157 2137 ἡ
194 2050 278 2136 καλὴ
315 2048 378 2136 τὴν
412 2048 558 2136 σελήνην
591 2046 761 2136 άργυρέαν
793 2049 877 2135 φησὶ
908 2052 964 2119 καλ
996 2051 1052 2119 διὰ

34 2160 135 2225 τοῦτο
172 2159 240 2223 τῶν
276 2153 389 2223 άλλων
424 2151 574 2243 ἀστέρων
610 2152 833 2243 ἀποκρύπτειν
869 2153 932 2242 τὴν
964 2156 1053 2239 ὀψιν.

36 2260 126 2331 οὕτω
158 2264 214 2331 καὶ
245 2271 341 2341 θεοῖς
372 2259 433 2328 τὸν
460 2260 611 2349 άργορον
637 2263 767 2347 μᾶλλον
794 2256 815 2348 ἢ
841 2259 904 2330 τὸν
925 2263 1053 2350 χρυσὸν

2 2393 21 2432 :0
37 2369 201 2472 εἰκάσειεν
224 2365 267 2435 άν
290 2394 339 2447 τις
361 2367 513 2454 πρέπειν·
536 2363 731 2455 ἀνθρώποις
753 2393 791 2452 γε
813 2366 882 2454 μὴν
901 2366 952 2437 ὅτι
971 2369 1096 2460 πρὸςΒ

107 2555 120 2599 1
140 2542 272 2598 ἁπλάσαι
289 2548 360 2598 idem
377 2546 404 2598 h.
423 2547 441 2597 l.
460 2546 571 2597 videtur
588 2561 647 2602 esse
667 2545 739 2611 quod
757 2540 889 2598 άπλάσαι
907 2540 943 2599 τά
961 2543 1054 2614 πτερά

38 2618 42 2685 λ
62 2612 120 2668 τῶν
140 2608 231 2681 λύγων
258 2614 396 2678 Hsylerus
415 2615 526 2679 scripsit
549 2628 563 2663 s
583 2614 654 2665 thi
670 2614 736 2668 Vst.
756 2617 822 2666 1353
845 2615 974 2670 Hsidslb.
994 2619 1054 2679 356,

36 2677 88 2736 τὸν
108 2674 194 2748 λύγον
212 2683 238 2733 V
250 2686 331 2732 mart.
345 2687 399 2747 pst.
412 2682 508 2746 spanh.
532 2681 598 2746 „Sic
614 2681 760 2746 distinguo
779 2686 808 2731 et
825 2681 852 2731 le
874 2699 903 2733 οε
922 2675 1054 2734 άπλῶοαι

37 2751 168 2816 (subaudi
185 2747 218 2801 τὸ
236 2748 316 2815 σῶμα
335 2765 350 2799 ε
367 2750 549 2830 praemissis),
577 2744 632 2830 τῷν
652 2740 757 2829 λόγων,
783 2743 826 2807 οἷς
859 2766 912 2830 χω,
936 2764 967 2802 οε
985 2766 1053 2830 πτε-

36 2836 106 2937 iiii·
125 2816 1052 2950 3333u2¹³i¹353uiiiiii,'¹3¹11⁰13¹1¹‡3232¹¹'11⁰J}{v¹}2¹,”³232iiiiii:

36 2968 107 3020 quae
128 2952 196 3003 mihi
219 2952 294 3003 solas
317 2957 394 3012 sunt,
421 2952 559 3002 literarum
577 2957 645 3015 puts
664 2956 747 3016 atque
765 2950 995 3030 disputationum,
1024 2957 1053 3002 ts

36 3019 224 3073 assectabor“.
243 3020 309 3070 Rsk.
362 3022 378 3068 3
396 3026 453 3070 που
472 3034 523 3070 om.
540 3034 608 3084 mrg.
627 3019 695 3070 Gen.
711 3022 715 3083 Ι
731 3009 820 3069 ἄλλον
839 3035 890 3070 τοο
909 3015 943 3083 V]
964 3008 1053 3070 άλλον

35 3089 87 3140 τοῦ
106 3106 138 3149 ν,
156 3081 248 3138 ἄλλον
266 3081 342 3147 τινάς
360 3075 378 3151 ἢ
398 3077 503 3138 τούτου
522 3078 607 3153 χάριν
625 3085 710 3135 Hrsh.
779 3087 977 3160 4πανταχοῖί
1037 3087 1061 3136 5-

36 3143 70 3223 ἦ]
90 3151 122 3207 οἷ
137 3156 191 3206 Pbi
259 3158 276 3205 6
293 3142 315 3205 ιό
333 3154 418 3219 φίλος
435 3154 461 3204 V
478 3149 569 3218 matu]
590 3138 612 3202 ιό
630 3152 698 3218 φίλε
755 3156 772 3205 8
789 3144 807 3218 ἡ
827 3154 911 3205 libros
930 3169 993 3204 suos
1013 3169 1054 3205 se·

37 3208 120 3275 sutus
138 3221 239 3273 delevit
256 3223 360 3286 Hsyler
375 3224 379 3285 Ι
394 3222 536 3289 μεταθεῖν
555 3216 655 3286 Wytt.]
675 3220 851 3287 μεταθεῖναι
897 3224 914 3273 9
933 3213 1053 3287 εύφραί-

36 3308 97 3350 νεις
115 3291 140 3341 V
201 3292 234 3340 10
252 3281 392 3356 ἕκηβολίω
409 3288 445 3354 V]
459 3281 607 3355 Ἑκηβόλῳ
664 3290 694 3338 11
714 3281 863 3357 Πινδάρῳ]
882 3290 1053 3353 Fragm.27·2

36 3359 139 3424 Bergk.
212 3362 243 3408 12
262 3351 291 3417 ἐς
309 3359 334 3407 V
351 3371 417 3422 mrg.
436 3353 517 3422 Geu]
538 3351 580 3414 είς
650 3356 681 3404 15
701 3347 816 3407 άατίοιν
836 3345 908 3408 αύτό
926 3357 952 3406 V
1022 3358 1052 3405 16

37 3420 313 3492 άντιμαρμαρύοοον
333 3426 399 3474 Rsk.
416 3419 563 3487 [Σαπφὼ]
581 3422 689 3485 Fragm.
708 3423 723 3471 3
742 3423 844 3488 Bergk.
893 3426 922 3474 17
942 3413 971 3472 δ’
991 3421 1052 3471 add.
1094 3480 1096 3483 Ι

38 3494 162 3546 Sintsnis
232 3496 265 3545 20
283 3481 320 3543 ὀιν
339 3489 395 3558 τις]
416 3487 457 3550 είς
477 3484 507 3541 οὲ
526 3491 550 3541 V

785 3571 840 3626 32*
