2446 3870
2 58 40 94 ,αρ’
60 63 94 95 ,3.“”
107 66 127 79 ’·’ῑ

2 97 26 134 1va-
90 95 91 98 ¹
102 108 105 111 Ι

479 127 616 180 οιιουιο
633 128 682 178 111.
1026 126 1086 191 133

70 256 226 346 ιόρμησεν
255 250 416 343 ὁρῶντας,
445 251 496 323 ότι
525 254 609 343 μηδὲ
636 258 704 323 των
731 255 971 342 προλαβόντων
998 255 1087 338 τινδς
1183 316 1186 320 ,

70 359 347 452 ἀπεστερήθησαν
379 358 397 430 δ
430 361 538 448 μόνον
570 364 696 430 δοῦναί
719 388 754 430 τε
785 362 841 430 καὶ
873 369 989 450 λαβεῖν
1016 365 1086 433 ἐστιΙ

70 474 217 558 δημοσίᾳ
250 468 362 537 καλόν.
408 467 559 559 χρήματα
591 466 652 554 μὲν
689 464 753 557 γὰρ
786 472 833 549 είς
864 465 901 536 τὸ
940 469 1119 555 ίμφαυδςΙ)

70 575 205 644 διδόναι
237 575 293 642 καί
326 575 551 663 περιβλέπειν,
584 570 674 655 ὅπως
705 571 756 643 ὅτι
784 583 930 643 πλεῖστοι
957 573 995 643 τὸ
1029 580 1086 645 δο-

40 681 134 750 ιθδν
163 689 325 766 εἴσονται,
357 679 441 771 πρὸς
468 676 594 769 ἀνδρὸς
626 677 863 770 άπειροκάλου·
901 677 973 749 ἄλλ’
1004 677 1087 750 οὐδὲ

67 783 233 875 ὑποσχεῖν
260 784 305 854 τά
333 801 421 877 χεῖρε
453 782 650 868 ὑποδέξαιτο
679 784 722 856 άυ
754 815 803 868 τις
831 790 868 855 ἐν
896 783 1087 875 ὀφθαλμοῖς

67 894 222 979 πάντων,
263 891 307 982 μὴ
349 892 562 963 παντάπασιν
602 889 862 982 ἀποσεισάμενος
903 896 988 962 αίδοὸ
1029 896 1085 964 καὶ

67 1002 251 1070 ἐπιείκειαν
286 1002 348 1068 τοῦ
379 998 515 1087 τρόπου.
562 995 770 1089 Ἀρκεσίλαος
802 999 839 1068 δὲ
876 1000 931 1069 καὶ
969 999 1086 1082 διδοὺς

67 1105 132 1176 τὸν
159 1105 306 1194 λαβόντα
333 1107 485 1194 ἐπειρᾶτο
518 1114 650 1174 λαθεῖν·
689 1112 798 1174 συνίει
826 1105 863 1175 δὲ
891 1108 1016 1188 ἐκεῖνος
1044 1109 1079 1175 ἐκ
1088 1125 1138 1176 104

27 1243 52 1281 ιο
67 1215 128 1301 τῆς
164 1211 313 1302 πράξεως
348 1239 408 1280 του
446 1211 625 1303 δράσαντα.
669 1214 828 1281 ἐπαίνων
866 1213 903 1282 δὲ
941 1209 1086 1301 ζηλωτόν

67 1319 132 1406 μὲν
159 1315 323 1409 ἀκροατάς
350 1313 394 1399 ὡς
421 1325 596 1400 πλείστους
623 1313 746 1410 εὑρεῖν,
774 1315 945 1408 άγαπητὸυ
971 1318 1009 1388 δδ
1036 1318 1085 1389 οί-

68 1454 129 1513 μαι
157 1427 212 1493 καλ
246 1421 391 1511 ὀλίγους.
436 1424 492 1493 καὶ
520 1425 633 1514 ἐπῄνει
661 1424 698 1520 δὲ
726 1427 908 1522 Σωκράτης
940 1425 1085 1508 πολλοὺς

68 1533 125 1600 καὶ
167 1531 311 1600 Πλάτων
353 1532 408 1600 καὶ
447 1528 689 1622 Ἀριστοτέλης·
745 1534 910 1621 Ξενοφῶν
951 1532 987 1602 δὲ
1029 1535 1085 1602 καί

66 1636 266 1726 Ἀγησίλαον
293 1635 510 1725 τὸνβασιλέα
538 1639 593 1706 καὶ
612 1619 729 1728 Ῐζῦρον
755 1636 816 1707 τὸν
835 1640 981 1730 Πέρσην,
1011 1636 1086 1708 οάτι

29 1772 55 1812 15
68 1741 131 1813 τὸν
163 1740 305 1835 άρχαῖον
339 1746 469 1813 ἐκεῖνον
495 1744 618 1832 μόνον,
652 1741 734 1813 άλλόι
762 1746 818 1814 καὶ
847 1737 873 1837 ηδ
902 1745 1085 1834 συνεστρά-

67 1877 165 1920 τευτο
200 1846 274 1937 [ἐφ’
301 1846 474 1939 Ἐλλάδα],
506 1852 561 1919 καί
588 1849 668 1931 τοὺς
695 1852 853 1932 ἐπαίνους
881 1851 1086 1941 ξυγγράφων

70 1954 135 2026 οὐκ
167 1953 399 2045 ἀπεκρύπτετο.
444 1958 517 2045 ἐμοὶ
551 1956 589 2026 δὲ
624 1954 824 2043 θαυμαστὸν
857 1955 944 2024 εἶναι
981 1961 1121 2044 δοκεῖ,Β

69 2070 101 2132 εί
126 2061 206 2144 τοὺς
239 2059 367 2154 άνδρας
398 2062 459 2152 μὲν
485 2061 564 2144 τοὺς
591 2059 714 2142 καλοὺς
745 2062 929 2150 προθύμως
957 2063 1085 2131 ἐπαινε-

69 2169 213 2258 σόμεθα,
240 2183 385 2255 γυναῖκα
404 2168 442 2237 δὲ
461 2166 596 2257 ἀγαθὴν
622 2171 680 2256 της
704 2165 870 2256 εὐφημίας
898 2164 960 2237 οὐκ
988 2164 1085 2250 άξιοό-

31 2303 56 2342 ιο
70 2296 185 2364 σομεν,
213 2273 332 2364 ἀρετῆς
360 2272 461 2344 οὐδὲν
480 2291 575 2363 μεῖον
604 2272 720 2355 αόταῖς
742 2272 825 2365 ἤπερ
853 2289 923 2356 τοῖς
941 2271 1086 2366 άνδράσι

66 2382 252 2476 προσήκειν
279 2377 582 2470 ὑπολαμβάνοντες.
628 2382 683 2450 καλ
712 2379 775 2470 γὰρ
804 2379 896 2470 οἶμαι
924 2381 1085 2471 σαόφρονα

70 2490 125 2558 καὶ
159 2485 302 2576 συνετὴν
333 2488 389 2557 καὶ
416 2489 529 2576 νέμειν
557 2487 681 2579 ἑκάστω
709 2485 749 2556 τά
781 2486 863 2578 πρὸς
895 2486 956 2576 τὴν
988 2484 1085 2570 άξίαν

71 2597 126 2664 καλ
155 2597 349 2685 θαρραλίαν
378 2597 414 2667 ἐν
441 2609 512 2675 τοῖς
540 2600 663 2675 δεινοῖς
690 2596 745 2663 καί
772 2594 1011 2686 μεγαλόφρονα
1029 2595 1086 2663 καὶ

71 2703 267 2793 ἐλευθέριον
294 2701 350 2770 καὶ
377 2701 486 2770 πάντα
514 2695 570 2782 ὦς’
587 2707 664 2781 ἔπος
692 2706 796 2770 εἰπεῖν
823 2696 984 2790 ὑπάρχειν
1004 2703 1085 2770 ἐκεί-

157 2908 169 2953 1
198 2897 403 2969 προλαβόντων
426 2899 502 2968 VM]
529 2895 755 2967 παραλαβόντων
841 2904 857 2950 6
885 2893 1019 2966 ὑποσχών
1037 2901 1061 2948 V

69 2963 243 3034 διιοδέξαιτ’
266 2961 304 3022 άν
326 2987 370 3029 τις
394 2967 474 3034 Oob.]
498 2960 659 3031 ὑπεδέξατο
682 2963 718 3019 όίν
742 2986 783 3029 τις
826 2968 828 2972 ’
858 2965 944 3019 8κοιλ
969 2963 1071 3027 διδοδς

70 3032 173 3097 διδοδς
192 3035 242 3089 καλ
261 3039 296 3096 H,
316 3037 389 3104 quod
404 3037 465 3101 jam
487 3037 624 3102 interpres
643 3039 790 3101 expressit.
827 3037 870 3085 De
889 3051 918 3085 re
936 3035 991 3084 vid.
1009 3037 1088 3097 Wyt-

69 3109 144 3160 tenb.
164 3106 201 3156 ad
220 3106 295 3156 Plut.
313 3121 379 3156 mor.
398 3121 423 3170 p.
434 3105 467 3154 63
480 3103 505 3152 D
575 3106 607 3154 12
626 3098 659 3155 δὲ
679 3107 774 3168 (supra
792 3101 810 3154 δ
828 3103 882 3152 scri
904 3107 931 3152 to
950 3099 977 3167 η)
996 3097 1032 3167 V]
1053 3118 1085 3167 γε

70 3177 102 3225 14
119 3165 186 3226 οότι
204 3170 240 3238 V]
271 3168 336 3239 οὖχλ
427 3174 458 3223 15
485 3164 711 3235 ουνεστράτευτο
729 3171 754 3219 fl.
776 3174 804 3221 et
822 3119 902 3234 Cobfi
931 3183 1086 3231 συνεστρα·

69 3234 169 3294 τεάετο
211 3243 260 3292 ’16
278 3233 329 3306 ἐφ’
345 3231 471 3291 Ἐλλάδα
490 3240 604 3289 inclusit
622 3238 661 3303 Η,
685 3230 732 3288 ἐπὶ
751 3232 871 3301 βασιλέα
889 3238 999 3301 scripsit
1017 3236 1085 3287 Cob.

70 3312 101 3361 18
119 3303 176 3376 μδν
194 3303 234 3374 Η]
254 3307 311 3374 ys!
337 3324 368 3359 τε
387 3297 539 3388 κάμαθοός
557 3312 621 3371 post
638 3300 747 3382 καλιάς
766 3304 846 3355 addit
865 3304 931 3384 Conb.
959 3306 1017 3381 ἱ20
1035 3296 1086 3377 αό-

69 3381 133 3436 τοιῖς
151 3378 178 3428 Η
213 3367 316 3436 αότοῖς
333 3376 371 3440 V,
395 3373 469 3440 αντῇ
487 3392 504 3425 v
573 3377 604 3423 21
624 3370 673 3424 καλ
711 3367 759 3438 ορ]
779 3371 876 3422 Malim
895 3389 913 3437 η
932 3389 987 3438 γαρ
1013 3370 1018 3437 λ
1044 3376 1086 3422 ολ·

69 3440 133 3531 μοι]
164 3459 242 3496 ενοι
267 3444 294 3493 Η
380 3446 413 3493 22
440 3438 489 3493 καὶ
516 3437 628 3507 νέμειν]
656 3389 708 3491 καλ
734 3439 801 3491 οίαυ
827 3434 927 3506 νέμειν
952 3440 979 3490 Η
1054 3442 1086 3489 24

70 3504 167 3580 ἐκεινη
185 3511 247 3563 Pet.
265 3511 293 3561 in
312 3512 353 3561 ed.
372 3511 399 3566 fl,
420 3515 447 3560 et
466 3509 532 3563 Cob.
