<?xml version="1.0" encoding="UTF-8"?>
<!DOCTYPE html PUBLIC "-//W3C//DTD XHTML 1.0 Transitional//EN"
    "http://www.w3.org/TR/xhtml1/DTD/xhtml1-transitional.dtd">
<html xmlns="http://www.w3.org/1999/xhtml" xml:lang="en" lang="en">
 <head>
  <title>
</title>
<meta http-equiv="Content-Type" content="text/html;charset=utf-8" />
  <meta name='ocr-system' content='tesseract 3.04.00' />
  <meta name='ocr-capabilities' content='ocr_page ocr_carea ocr_par ocr_line ocrx_word'/>
</head>
<body>
  <div class='ocr_page' id='page_1' title='image "./iulianiimperato01juligoog_0141.png"; bbox 0 0 2446 3870; ppageno 0'>
   <div class='ocr_carea' id='block_1_1' title="bbox 156 124 868 190">
    <p class='ocr_par' dir='ltr' id='par_1_1' title="bbox 156 124 868 190">
     <span class='ocr_line' id='line_1_1' title="bbox 156 124 868 190; baseline -0.02 0"><span class='ocrx_word' id='word_1_1' title='bbox 156 125 216 190; x_wconf 79' lang='lat'><strong><em>128</em></strong></span> <span class='ocrx_word' id='word_1_2' title='bbox 458 125 602 177; x_wconf 72' lang='grc' dir='ltr'><strong><em>ιυιιινι</em></strong></span> <span class='ocrx_word' id='word_1_3' title='bbox 620 124 868 176; x_wconf 71' lang='grc' dir='ltr'><strong><em>τυνυκιεοιιιε</em></strong></span> 
     </span>
    </p>
   </div>
   <div class='ocr_carea' id='block_1_2' title="bbox 101 249 1210 2895">
    <p class='ocr_par' dir='ltr' id='par_1_2' title="bbox 101 249 1210 2895">
     <span class='ocr_line' id='line_1_2' title="bbox 154 249 1170 342; baseline -0.001 -18"><span class='ocrx_word' id='word_1_4' title='bbox 154 254 347 342; x_wconf 82' lang='grc' dir='ltr'><strong><em>ἐπάγοιντο,</em></strong></span> <span class='ocrx_word' id='word_1_5' title='bbox 385 251 485 340; x_wconf 76' lang='grc' dir='ltr'><strong><em>δῆλός</em></strong></span> <span class='ocrx_word' id='word_1_6' title='bbox 517 255 586 320; x_wconf 87' lang='grc' dir='ltr'><strong><em>ἐστι</em></strong></span> <span class='ocrx_word' id='word_1_7' title='bbox 617 251 725 342; x_wconf 75' lang='grc' dir='ltr'><strong><em>τούτῳ</em></strong></span> <span class='ocrx_word' id='word_1_8' title='bbox 764 249 881 332; x_wconf 75' lang='grc' dir='ltr'><strong><em>διδοὺς</em></strong></span> <span class='ocrx_word' id='word_1_9' title='bbox 912 250 954 321; x_wconf 82' lang='grc' dir='ltr'><strong><em>τά</em></strong></span> <span class='ocrx_word' id='word_1_10' title='bbox 986 252 1170 342; x_wconf 79' lang='grc' dir='ltr'><strong><em>νικητήρια.</em></strong></span> 
     </span>
     <span class='ocr_line' id='line_1_3' title="bbox 154 353 1169 448; baseline 0 -18"><span class='ocrx_word' id='word_1_11' title='bbox 154 364 298 430; x_wconf 77' lang='grc' dir='ltr'><strong><em>ἐννοεῖτε</em></strong></span> <span class='ocrx_word' id='word_1_12' title='bbox 325 359 400 448; x_wconf 90' lang='grc' dir='ltr'><strong><em>γάρ,</em></strong></span> <span class='ocrx_word' id='word_1_13' title='bbox 428 353 473 439; x_wconf 85' lang='grc' dir='ltr'><strong><em>ῶς</em></strong></span> <span class='ocrx_word' id='word_1_14' title='bbox 499 360 574 448; x_wconf 80' lang='grc' dir='ltr'><strong><em>περί</em></strong></span> <span class='ocrx_word' id='word_1_15' title='bbox 601 355 663 427; x_wconf 87' lang='grc' dir='ltr'><strong><em>τὸν</em></strong></span> <span class='ocrx_word' id='word_1_16' title='bbox 680 362 785 426; x_wconf 78' lang='grc' dir='ltr'><strong><em>παῖδα</em></strong></span> <span class='ocrx_word' id='word_1_17' title='bbox 803 360 922 445; x_wconf 84' lang='grc' dir='ltr'><strong><em>γέγονε</em></strong></span> <span class='ocrx_word' id='word_1_18' title='bbox 947 362 1011 427; x_wconf 81' lang='grc' dir='ltr'><strong><em>τοῦ</em></strong></span> <span class='ocrx_word' id='word_1_19' title='bbox 1038 360 1169 447; x_wconf 83' lang='grc' dir='ltr'><strong><em>φάσαν-</em></strong></span> 
     </span>
     <span class='ocr_line' id='line_1_4' title="bbox 153 464 1170 554; baseline 0 -18"><span class='ocrx_word' id='word_1_20' title='bbox 153 494 209 548; x_wconf 85' lang='grc' dir='ltr'><strong><em>τος</em></strong></span> <span class='ocrx_word' id='word_1_21' title='bbox 241 464 388 554; x_wconf 87' lang='grc' dir='ltr'><strong><em>ἀμείνων</em></strong></span> <span class='ocrx_word' id='word_1_22' title='bbox 420 466 475 533; x_wconf 83' lang='grc' dir='ltr'><strong><em>καὶ</em></strong></span> <span class='ocrx_word' id='word_1_23' title='bbox 503 465 724 552; x_wconf 78' lang='grc' dir='ltr'><strong><em>δικαιότερος,</em></strong></span> <span class='ocrx_word' id='word_1_24' title='bbox 756 465 832 552; x_wconf 80' lang='grc' dir='ltr'><strong><em>περὶ</em></strong></span> <span class='ocrx_word' id='word_1_25' title='bbox 866 464 903 533; x_wconf 72' lang='grc' dir='ltr'><strong><em>δὲ</em></strong></span> <span class='ocrx_word' id='word_1_26' title='bbox 929 464 1009 546; x_wconf 88' lang='grc' dir='ltr'><strong><em>τοὺς</em></strong></span> <span class='ocrx_word' id='word_1_27' title='bbox 1037 469 1170 536; x_wconf 88' lang='grc' dir='ltr'><strong><em>ἐκείνου</em></strong></span> 
     </span>
     <span class='ocr_line' id='line_1_5' title="bbox 101 565 1169 662; baseline 0 -20"><span class='ocrx_word' id='word_1_28' title='bbox 101 579 280 662; x_wconf 76' lang='grc' dir='ltr'><strong><em>ιοοφίλονς</em></strong></span> <span class='ocrx_word' id='word_1_29' title='bbox 307 571 498 662; x_wconf 77' lang='grc' dir='ltr'><strong><em>πιστότερος</em></strong></span> <span class='ocrx_word' id='word_1_30' title='bbox 521 573 582 640; x_wconf 79' lang='grc' dir='ltr'><strong><em>τοῦ</em></strong></span> <span class='ocrx_word' id='word_1_31' title='bbox 606 568 667 658; x_wconf 85' lang='grc' dir='ltr'><strong><em>τήν</em></strong></span> <span class='ocrx_word' id='word_1_32' title='bbox 686 576 804 659; x_wconf 77' lang='grc' dir='ltr'><strong><em>φιλίαν</em></strong></span> <span class='ocrx_word' id='word_1_33' title='bbox 833 565 1108 659; x_wconf 86' lang='grc' dir='ltr'><strong><em>ὁμολογήσαντος.</em></strong></span> <span class='ocrx_word' id='word_1_34' title='bbox 1151 569 1169 642; x_wconf 84' lang='grc' dir='ltr'><em>ὃ</em></span> 
     </span>
     <span class='ocr_line' id='line_1_6' title="bbox 153 672 1197 771; baseline 0.002 -23"><span class='ocrx_word' id='word_1_35' title='bbox 153 680 214 771; x_wconf 65' lang='grc' dir='ltr'><strong><em>μὲν</em></strong></span> <span class='ocrx_word' id='word_1_36' title='bbox 242 676 305 768; x_wconf 83' lang='grc' dir='ltr'><strong><em>γάρ</em></strong></span> <span class='ocrx_word' id='word_1_37' title='bbox 334 675 482 759; x_wconf 78' lang='grc' dir='ltr'><strong><em>ἅπαντας</em></strong></span> <span class='ocrx_word' id='word_1_38' title='bbox 513 691 662 766; x_wconf 78' lang='grc' dir='ltr'><strong><em>προεῖτο,</em></strong></span> <span class='ocrx_word' id='word_1_39' title='bbox 695 672 713 744; x_wconf 87' lang='grc' dir='ltr'>ὁ</span> <span class='ocrx_word' id='word_1_40' title='bbox 742 676 779 745; x_wconf 71' lang='grc' dir='ltr'><strong><em>δὲ</em></strong></span> <span class='ocrx_word' id='word_1_41' title='bbox 807 674 979 746; x_wconf 83' lang='grc' dir='ltr'><strong><em>ἀπέσωσεν</em></strong></span> <span class='ocrx_word' id='word_1_42' title='bbox 1011 675 1197 762; x_wconf 76' lang='grc' dir='ltr'><strong><em>ἅπανταςο</em></strong></span> 
     </span>
     <span class='ocr_line' id='line_1_7' title="bbox 154 783 1170 873; baseline 0 -18"><span class='ocrx_word' id='word_1_43' title='bbox 154 787 209 855; x_wconf 80' lang='grc' dir='ltr'><strong><em>καὶ</em></strong></span> <span class='ocrx_word' id='word_1_44' title='bbox 238 790 269 854; x_wconf 88' lang='grc' dir='ltr'><strong><em>εί</em></strong></span> <span class='ocrx_word' id='word_1_45' title='bbox 295 783 356 873; x_wconf 71' lang='grc' dir='ltr'><strong><em>μὲν</em></strong></span> <span class='ocrx_word' id='word_1_46' title='bbox 388 786 514 864; x_wconf 86' lang='grc' dir='ltr'><strong><em>ἐκεῖνος</em></strong></span> <span class='ocrx_word' id='word_1_47' title='bbox 545 786 650 852; x_wconf 81' lang='grc' dir='ltr'><strong><em>ταῦτα</em></strong></span> <span class='ocrx_word' id='word_1_48' title='bbox 676 784 752 872; x_wconf 84' lang='grc' dir='ltr'><strong><em>περὶ</em></strong></span> <span class='ocrx_word' id='word_1_49' title='bbox 784 785 846 852; x_wconf 80' lang='grc' dir='ltr'><strong><em>τοῦ</em></strong></span> <span class='ocrx_word' id='word_1_50' title='bbox 878 785 1040 870; x_wconf 76' lang='grc' dir='ltr'><strong><em>βασιλέως</em></strong></span> <span class='ocrx_word' id='word_1_51' title='bbox 1068 788 1170 872; x_wconf 86' lang='grc' dir='ltr'><strong><em>ἐγνω-</em></strong></span> 
     </span>
     <span class='ocr_line' id='line_1_8' title="bbox 153 887 1168 983; baseline 0 -22"><span class='ocrx_word' id='word_1_52' title='bbox 153 893 234 979; x_wconf 85' lang='grc' dir='ltr'><strong><em>κῶς,</em></strong></span> <span class='ocrx_word' id='word_1_53' title='bbox 267 888 322 960; x_wconf 85' lang='grc' dir='ltr'><strong><em>ἀτε</em></strong></span> <span class='ocrx_word' id='word_1_54' title='bbox 356 893 393 960; x_wconf 86' lang='grc' dir='ltr'><strong><em>ἐν</em></strong></span> <span class='ocrx_word' id='word_1_55' title='bbox 424 893 535 983; x_wconf 78' lang='grc' dir='ltr'><strong><em>πολλῶ</em></strong></span> <span class='ocrx_word' id='word_1_56' title='bbox 567 889 677 982; x_wconf 79' lang='grc' dir='ltr'><strong><em>χρόνῳ</em></strong></span> <span class='ocrx_word' id='word_1_57' title='bbox 705 887 766 958; x_wconf 85' lang='grc' dir='ltr'><strong><em>τὸν</em></strong></span> <span class='ocrx_word' id='word_1_58' title='bbox 797 889 923 979; x_wconf 81' lang='grc' dir='ltr'><strong><em>τρόπον</em></strong></span> <span class='ocrx_word' id='word_1_59' title='bbox 950 893 1168 979; x_wconf 89' lang='grc' dir='ltr'><strong><em>κατανοήσας,</em></strong></span> 
     </span>
     <span class='ocr_line' id='line_1_9' title="bbox 155 993 1168 1087; baseline 0 -19"><span class='ocrx_word' id='word_1_60' title='bbox 155 998 288 1087; x_wconf 78' lang='grc' dir='ltr'><strong><em>σφόδρα</em></strong></span> <span class='ocrx_word' id='word_1_61' title='bbox 317 1000 502 1084; x_wconf 82' lang='grc' dir='ltr'><strong><em>ἐπίστευεν,</em></strong></span> <span class='ocrx_word' id='word_1_62' title='bbox 535 993 695 1084; x_wconf 75' lang='grc' dir='ltr'><strong><em>ἀσφαλῶς</em></strong></span> <span class='ocrx_word' id='word_1_63' title='bbox 722 998 783 1083; x_wconf 82' lang='grc' dir='ltr'><strong><em>μέν</em></strong></span> <span class='ocrx_word' id='word_1_64' title='bbox 815 1000 851 1064; x_wconf 77' lang='grc' dir='ltr'><strong><em>οἱ</em></strong></span> <span class='ocrx_word' id='word_1_65' title='bbox 875 994 916 1064; x_wconf 84' lang='grc' dir='ltr'><strong><em>τά</em></strong></span> <span class='ocrx_word' id='word_1_66' title='bbox 942 1000 1005 1066; x_wconf 80' lang='grc' dir='ltr'><strong><em>τοῦ</em></strong></span> <span class='ocrx_word' id='word_1_67' title='bbox 1035 998 1168 1085; x_wconf 76' lang='grc' dir='ltr'><strong><em>παιδός,</em></strong></span> 
     </span>
     <span class='ocr_line' id='line_1_10' title="bbox 154 1099 1169 1194; baseline 0 -21"><span class='ocrx_word' id='word_1_68' title='bbox 154 1110 297 1193; x_wconf 79' lang='grc' dir='ltr'><strong><em>βεβαίως</em></strong></span> <span class='ocrx_word' id='word_1_69' title='bbox 325 1103 362 1173; x_wconf 72' lang='grc' dir='ltr'><strong><em>δὲ</em></strong></span> <span class='ocrx_word' id='word_1_70' title='bbox 390 1099 506 1191; x_wconf 81' lang='grc' dir='ltr'><strong><em>ὁρμεῖν</em></strong></span> <span class='ocrx_word' id='word_1_71' title='bbox 524 1100 564 1171; x_wconf 82' lang='grc' dir='ltr'><strong><em>τά</em></strong></span> <span class='ocrx_word' id='word_1_72' title='bbox 582 1105 651 1170; x_wconf 93' lang='grc' dir='ltr'><strong><em>τῶν</em></strong></span> <span class='ocrx_word' id='word_1_73' title='bbox 670 1107 791 1189; x_wconf 87' lang='grc' dir='ltr'><strong><em>φίλων,</em></strong></span> <span class='ocrx_word' id='word_1_74' title='bbox 821 1109 929 1171; x_wconf 86' lang='grc' dir='ltr'><strong><em>συνίει</em></strong></span> <span class='ocrx_word' id='word_1_75' title='bbox 956 1103 1018 1191; x_wconf 69' lang='grc' dir='ltr'><strong><em>μὲν</em></strong></span> <span class='ocrx_word' id='word_1_76' title='bbox 1045 1101 1169 1194; x_wconf 69' lang='grc' dir='ltr'><strong><em>ὀρθῶς,</em></strong></span> 
     </span>
     <span class='ocr_line' id='line_1_11' title="bbox 153 1201 1210 1298; baseline -0.001 -17"><span class='ocrx_word' id='word_1_77' title='bbox 153 1210 309 1290; x_wconf 79' lang='grc' dir='ltr'><strong><em>πολλάκις</em></strong></span> <span class='ocrx_word' id='word_1_78' title='bbox 338 1208 374 1278; x_wconf 72' lang='grc' dir='ltr'><strong><em>δὲ</em></strong></span> <span class='ocrx_word' id='word_1_79' title='bbox 402 1201 445 1296; x_wconf 88' lang='grc' dir='ltr'><strong><em>ήν</em></strong></span> <span class='ocrx_word' id='word_1_80' title='bbox 471 1210 662 1298; x_wconf 79' lang='grc' dir='ltr'><strong><em>πανοῦργος</em></strong></span> <span class='ocrx_word' id='word_1_81' title='bbox 689 1208 745 1276; x_wconf 80' lang='grc' dir='ltr'><strong><em>καὶ</em></strong></span> <span class='ocrx_word' id='word_1_82' title='bbox 764 1206 934 1298; x_wconf 81' lang='grc' dir='ltr'><strong><em>μοχθηρὸς</em></strong></span> <span class='ocrx_word' id='word_1_83' title='bbox 961 1211 1017 1278; x_wconf 80' lang='grc' dir='ltr'><strong><em>καὶ</em></strong></span> <span class='ocrx_word' id='word_1_84' title='bbox 1045 1215 1169 1281; x_wconf 78' lang='grc' dir='ltr'><strong><em>δυστυ-</em></strong></span> <span class='ocrx_word' id='word_1_85' title='bbox 1185 1241 1210 1280; x_wconf 88' lang='lat'><strong><em>10</em></strong></span> 
     </span>
     <span class='ocr_line' id='line_1_12' title="bbox 153 1309 1186 1407; baseline 0.003 -24"><span class='ocrx_word' id='word_1_86' title='bbox 153 1317 226 1404; x_wconf 83' lang='grc' dir='ltr'><strong><em>χής,</em></strong></span> <span class='ocrx_word' id='word_1_87' title='bbox 267 1315 422 1402; x_wconf 73' lang='grc' dir='ltr'><strong><em>πολέμιος</em></strong></span> <span class='ocrx_word' id='word_1_88' title='bbox 464 1315 591 1382; x_wconf 74' lang='grc' dir='ltr'><strong><em>ἐθέλων</em></strong></span> <span class='ocrx_word' id='word_1_89' title='bbox 633 1312 720 1382; x_wconf 83' lang='grc' dir='ltr'><strong><em>εἶναι</em></strong></span> <span class='ocrx_word' id='word_1_90' title='bbox 759 1317 805 1406; x_wconf 74' lang='grc' dir='ltr'><strong><em>τῷ</em></strong></span> <span class='ocrx_word' id='word_1_91' title='bbox 846 1314 988 1407; x_wconf 76' lang='grc' dir='ltr'><strong><em>τοιούτῳ</em></strong></span> <span class='ocrx_word' id='word_1_92' title='bbox 1030 1318 1087 1401; x_wconf 81' lang='grc' dir='ltr'><strong><em>καὶ</em></strong></span> <span class='ocrx_word' id='word_1_93' title='bbox 1129 1309 1186 1386; x_wconf 84' lang='grc' dir='ltr'><strong><em>ὃν</em></strong></span> 
     </span>
     <span class='ocr_line' id='line_1_13' title="bbox 113 1416 1168 1512; baseline 0.003 -22"><span class='ocrx_word' id='word_1_94' title='bbox 113 1421 289 1509; x_wconf 81' lang='grc' dir='ltr'><strong><em>Βσφόὸρα</em></strong></span> <span class='ocrx_word' id='word_1_95' title='bbox 326 1416 461 1507; x_wconf 81' lang='grc' dir='ltr'><strong><em>ἀγαθὸν</em></strong></span> <span class='ocrx_word' id='word_1_96' title='bbox 496 1421 552 1488; x_wconf 81' lang='grc' dir='ltr'><strong><em>καὶ</em></strong></span> <span class='ocrx_word' id='word_1_97' title='bbox 589 1419 818 1510; x_wconf 76' lang='grc' dir='ltr'><strong><em>διαφερόντως</em></strong></span> <span class='ocrx_word' id='word_1_98' title='bbox 859 1423 969 1512; x_wconf 80' lang='grc' dir='ltr'><strong><em>πρᾷον</em></strong></span> <span class='ocrx_word' id='word_1_99' title='bbox 1006 1419 1168 1511; x_wconf 88' lang='grc' dir='ltr'><strong><em>ήπίστατο</em></strong></span> 
     </span>
     <span class='ocr_line' id='line_1_14' title="bbox 153 1519 1169 1617; baseline 0.002 -20"><span class='ocrx_word' id='word_1_100' title='bbox 153 1531 261 1616; x_wconf 90' lang='grc' dir='ltr'><strong><em>μισῶν</em></strong></span> <span class='ocrx_word' id='word_1_101' title='bbox 288 1526 344 1596; x_wconf 84' lang='grc' dir='ltr'><strong><em>καὶ</em></strong></span> <span class='ocrx_word' id='word_1_102' title='bbox 373 1525 601 1613; x_wconf 82' lang='grc' dir='ltr'><strong><em>ἐπι-βουλεύων</em></strong></span> <span class='ocrx_word' id='word_1_103' title='bbox 627 1528 684 1595; x_wconf 81' lang='grc' dir='ltr'><strong><em>καὶ</em></strong></span> <span class='ocrx_word' id='word_1_104' title='bbox 702 1523 961 1617; x_wconf 82' lang='grc' dir='ltr'><strong><em>ἀφαιρούμενος</em></strong></span> <span class='ocrx_word' id='word_1_105' title='bbox 988 1519 1037 1597; x_wconf 86' lang='grc' dir='ltr'><strong><em>ῶν</em></strong></span> <span class='ocrx_word' id='word_1_106' title='bbox 1066 1527 1169 1599; x_wconf 76' lang='grc' dir='ltr'><strong><em>οὐδα-</em></strong></span> 
     </span>
     <span class='ocr_line' id='line_1_15' title="bbox 153 1630 1169 1722; baseline 0.005 -20"><span class='ocrx_word' id='word_1_107' title='bbox 153 1638 222 1722; x_wconf 90' lang='grc' dir='ltr'><strong><em>μῶς</em></strong></span> <span class='ocrx_word' id='word_1_108' title='bbox 259 1635 367 1722; x_wconf 82' lang='grc' dir='ltr'><strong><em>ἐχρῆν.</em></strong></span> <span class='ocrx_word' id='word_1_109' title='bbox 413 1638 444 1702; x_wconf 88' lang='grc' dir='ltr'><strong><em>εί</em></strong></span> <span class='ocrx_word' id='word_1_110' title='bbox 475 1634 527 1717; x_wconf 78' lang='grc' dir='ltr'><strong><em>δέ,</em></strong></span> <span class='ocrx_word' id='word_1_111' title='bbox 564 1630 765 1702; x_wconf 79' lang='grc' dir='ltr'><strong><em>ἀνελπίστου</em></strong></span> <span class='ocrx_word' id='word_1_112' title='bbox 797 1635 859 1721; x_wconf 82' lang='grc' dir='ltr'><strong><em>μέν</em></strong></span> <span class='ocrx_word' id='word_1_113' title='bbox 891 1637 927 1703; x_wconf 88' lang='grc' dir='ltr'><strong><em>οί</em></strong></span> <span class='ocrx_word' id='word_1_114' title='bbox 955 1638 1018 1703; x_wconf 85' lang='grc' dir='ltr'><strong><em>τοῦ</em></strong></span> <span class='ocrx_word' id='word_1_115' title='bbox 1048 1635 1169 1718; x_wconf 79' lang='grc' dir='ltr'><strong><em>παιδὸς</em></strong></span> 
     </span>
     <span class='ocr_line' id='line_1_16' title="bbox 152 1732 1207 1828; baseline 0.001 -20"><span class='ocrx_word' id='word_1_116' title='bbox 152 1744 212 1828; x_wconf 84' lang='grc' dir='ltr'><strong><em>τής</em></strong></span> <span class='ocrx_word' id='word_1_117' title='bbox 239 1745 403 1828; x_wconf 82' lang='grc' dir='ltr'><strong><em>σωτηρίας</em></strong></span> <span class='ocrx_word' id='word_1_118' title='bbox 429 1739 673 1827; x_wconf 81' lang='grc' dir='ltr'><strong><em>τυγχανοίσης,</em></strong></span> <span class='ocrx_word' id='word_1_119' title='bbox 701 1738 843 1828; x_wconf 87' lang='grc' dir='ltr'><strong><em>χαλεπής</em></strong></span> <span class='ocrx_word' id='word_1_120' title='bbox 863 1739 900 1807; x_wconf 71' lang='grc' dir='ltr'><strong><em>δὲ</em></strong></span> <span class='ocrx_word' id='word_1_121' title='bbox 918 1741 974 1808; x_wconf 82' lang='grc' dir='ltr'><strong><em>καὶ</em></strong></span> <span class='ocrx_word' id='word_1_122' title='bbox 994 1732 1167 1812; x_wconf 76' lang='grc' dir='ltr'><strong><em>ἀδυνάτου</em></strong></span> <span class='ocrx_word' id='word_1_123' title='bbox 1183 1770 1207 1810; x_wconf 86' lang='lat'><strong><em>15</em></strong></span> 
     </span>
     <span class='ocr_line' id='line_1_17' title="bbox 155 1845 1169 1936; baseline 0.003 -21"><span class='ocrx_word' id='word_1_124' title='bbox 155 1845 239 1936; x_wconf 74' lang='grc' dir='ltr'><strong><em>(τῆς)</em></strong></span> <span class='ocrx_word' id='word_1_125' title='bbox 268 1850 336 1915; x_wconf 91' lang='grc' dir='ltr'><strong><em>τῶν</em></strong></span> <span class='ocrx_word' id='word_1_126' title='bbox 368 1853 479 1934; x_wconf 90' lang='grc' dir='ltr'><strong><em>φίλων</em></strong></span> <span class='ocrx_word' id='word_1_127' title='bbox 510 1846 566 1915; x_wconf 84' lang='grc' dir='ltr'><strong><em>καὶ</em></strong></span> <span class='ocrx_word' id='word_1_128' title='bbox 597 1848 666 1935; x_wconf 89' lang='grc' dir='ltr'><strong><em>τῶν</em></strong></span> <span class='ocrx_word' id='word_1_129' title='bbox 694 1849 883 1933; x_wconf 75' lang='grc' dir='ltr'><strong><em>συγγενῶν,</em></strong></span> <span class='ocrx_word' id='word_1_130' title='bbox 915 1845 978 1935; x_wconf 85' lang='grc' dir='ltr'><strong><em>τήν</em></strong></span> <span class='ocrx_word' id='word_1_131' title='bbox 1010 1845 1169 1919; x_wconf 82' lang='grc' dir='ltr'><strong><em>ἀπιστίαν</em></strong></span> 
     </span>
     <span class='ocr_line' id='line_1_18' title="bbox 152 1944 1169 2044; baseline 0.003 -22"><span class='ocrx_word' id='word_1_132' title='bbox 152 1951 243 2042; x_wconf 79' lang='grc' dir='ltr'><strong><em>ὅμως</em></strong></span> <span class='ocrx_word' id='word_1_133' title='bbox 269 1960 454 2043; x_wconf 90' lang='grc' dir='ltr'><strong><em>προείλετο,</em></strong></span> <span class='ocrx_word' id='word_1_134' title='bbox 488 1947 505 2020; x_wconf 88' lang='grc' dir='ltr'><strong><em>ό</em></strong></span> <span class='ocrx_word' id='word_1_135' title='bbox 534 1952 595 2040; x_wconf 74' lang='grc' dir='ltr'><strong><em>μὲν</em></strong></span> <span class='ocrx_word' id='word_1_136' title='bbox 622 1944 665 2040; x_wconf 82' lang='grc' dir='ltr'><strong><em>ἦν</em></strong></span> <span class='ocrx_word' id='word_1_137' title='bbox 692 1954 748 2021; x_wconf 83' lang='grc' dir='ltr'><strong><em>καὶ</em></strong></span> <span class='ocrx_word' id='word_1_138' title='bbox 781 1949 837 2020; x_wconf 80' lang='grc' dir='ltr'><strong><em>ὃιά</em></strong></span> <span class='ocrx_word' id='word_1_139' title='bbox 865 1955 969 2021; x_wconf 77' lang='grc' dir='ltr'><strong><em>ταῦτα</em></strong></span> <span class='ocrx_word' id='word_1_140' title='bbox 996 1954 1169 2044; x_wconf 80' lang='grc' dir='ltr'><strong><em>μοχθηρὸς</em></strong></span> 
     </span>
     <span class='ocr_line' id='line_1_19' title="bbox 151 2056 1167 2150; baseline 0 -20"><span class='ocrx_word' id='word_1_141' title='bbox 151 2063 207 2130; x_wconf 77' lang='grc' dir='ltr'><strong><em>καὶ</em></strong></span> <span class='ocrx_word' id='word_1_142' title='bbox 235 2057 378 2149; x_wconf 87' lang='grc' dir='ltr'><strong><em>ἀνόητος</em></strong></span> <span class='ocrx_word' id='word_1_143' title='bbox 405 2060 460 2128; x_wconf 79' lang='grc' dir='ltr'><strong><em>καὶ</em></strong></span> <span class='ocrx_word' id='word_1_144' title='bbox 488 2056 689 2150; x_wconf 87' lang='grc' dir='ltr'><strong><em>ἀγριῶτερος</em></strong></span> <span class='ocrx_word' id='word_1_145' title='bbox 716 2061 785 2126; x_wconf 92' lang='grc' dir='ltr'><strong><em>τῶν</em></strong></span> <span class='ocrx_word' id='word_1_146' title='bbox 811 2065 955 2146; x_wconf 76' lang='grc' dir='ltr'><strong><em>θηρίων,</em></strong></span> <span class='ocrx_word' id='word_1_147' title='bbox 983 2056 1001 2128; x_wconf 86' lang='grc' dir='ltr'>ὁ</span> <span class='ocrx_word' id='word_1_148' title='bbox 1031 2061 1068 2129; x_wconf 74' lang='grc' dir='ltr'><strong><em>δὲ</em></strong></span> <span class='ocrx_word' id='word_1_149' title='bbox 1091 2059 1167 2150; x_wconf 82' lang='grc' dir='ltr'><strong><em>ήμε-</em></strong></span> 
     </span>
     <span class='ocr_line' id='line_1_20' title="bbox 152 2165 1167 2256; baseline 0.001 -21"><span class='ocrx_word' id='word_1_150' title='bbox 152 2193 210 2254; x_wconf 92' lang='grc' dir='ltr'><strong><em>ρος</em></strong></span> <span class='ocrx_word' id='word_1_151' title='bbox 247 2169 302 2234; x_wconf 77' lang='grc' dir='ltr'><strong><em>καὶ</em></strong></span> <span class='ocrx_word' id='word_1_152' title='bbox 339 2169 445 2256; x_wconf 82' lang='grc' dir='ltr'><strong><em>πρᾷος</em></strong></span> <span class='ocrx_word' id='word_1_153' title='bbox 481 2165 536 2233; x_wconf 82' lang='grc' dir='ltr'><strong><em>καὶ</em></strong></span> <span class='ocrx_word' id='word_1_154' title='bbox 573 2165 809 2253; x_wconf 87' lang='grc' dir='ltr'><strong><em>μεγαλόφρων,</em></strong></span> <span class='ocrx_word' id='word_1_155' title='bbox 845 2168 908 2233; x_wconf 80' lang='grc' dir='ltr'><strong><em>τοῦ</em></strong></span> <span class='ocrx_word' id='word_1_156' title='bbox 943 2165 1005 2253; x_wconf 71' lang='grc' dir='ltr'><strong><em>μὲν</em></strong></span> <span class='ocrx_word' id='word_1_157' title='bbox 1041 2175 1167 2256; x_wconf 89' lang='grc' dir='ltr'><strong><em>νηπίου</em></strong></span> 
     </span>
     <span class='ocr_line' id='line_1_21' title="bbox 113 2266 1206 2361; baseline 0.003 -21"><span class='ocrx_word' id='word_1_158' title='bbox 113 2287 133 2340; x_wconf 77' lang='grc' dir='ltr'>Ο</span> <span class='ocrx_word' id='word_1_159' title='bbox 152 2271 350 2358; x_wconf 85' lang='grc' dir='ltr'><strong><em>κατελεήσας</em></strong></span> <span class='ocrx_word' id='word_1_160' title='bbox 377 2268 439 2356; x_wconf 84' lang='grc' dir='ltr'><strong><em>τὴν</em></strong></span> <span class='ocrx_word' id='word_1_161' title='bbox 466 2266 599 2357; x_wconf 87' lang='grc' dir='ltr'><strong><em>ήλικίαν</em></strong></span> <span class='ocrx_word' id='word_1_162' title='bbox 625 2271 682 2338; x_wconf 82' lang='grc' dir='ltr'><strong><em>καὶ</em></strong></span> <span class='ocrx_word' id='word_1_163' title='bbox 699 2268 760 2339; x_wconf 90' lang='grc' dir='ltr'><strong><em>τὸν</em></strong></span> <span class='ocrx_word' id='word_1_164' title='bbox 774 2269 924 2361; x_wconf 89' lang='grc' dir='ltr'><strong><em>τρόπον,</em></strong></span> <span class='ocrx_word' id='word_1_165' title='bbox 950 2287 1020 2353; x_wconf 88' lang='grc' dir='ltr'><strong><em>τοῖς</em></strong></span> <span class='ocrx_word' id='word_1_166' title='bbox 1044 2272 1082 2341; x_wconf 72' lang='grc' dir='ltr'><strong><em>δὲ</em></strong></span> <span class='ocrx_word' id='word_1_167' title='bbox 1102 2271 1166 2343; x_wconf 82' lang='grc' dir='ltr'><strong><em>οὐκ</em></strong></span> <span class='ocrx_word' id='word_1_168' title='bbox 1180 2303 1206 2342; x_wconf 85' lang='grc' dir='ltr'><strong><em>εο</em></strong></span> 
     </span>
     <span class='ocr_line' id='line_1_22' title="bbox 151 2373 1166 2467; baseline 0.005 -24"><span class='ocrx_word' id='word_1_169' title='bbox 151 2377 370 2463; x_wconf 76' lang='grc' dir='ltr'><strong><em>ἐξελεγχθεῖσι</em></strong></span> <span class='ocrx_word' id='word_1_170' title='bbox 398 2374 512 2467; x_wconf 79' lang='grc' dir='ltr'><strong><em>πράως</em></strong></span> <span class='ocrx_word' id='word_1_171' title='bbox 539 2380 634 2463; x_wconf 84' lang='grc' dir='ltr'><strong><em>ἒχων,</em></strong></span> <span class='ocrx_word' id='word_1_172' title='bbox 661 2379 723 2445; x_wconf 80' lang='grc' dir='ltr'><strong><em>τοῦ</em></strong></span> <span class='ocrx_word' id='word_1_173' title='bbox 742 2376 780 2445; x_wconf 77' lang='grc' dir='ltr'><strong><em>δὲ</em></strong></span> <span class='ocrx_word' id='word_1_174' title='bbox 798 2373 969 2465; x_wconf 77' lang='grc' dir='ltr'><strong><em>ὑπεριδῶν</em></strong></span> <span class='ocrx_word' id='word_1_175' title='bbox 992 2380 1048 2448; x_wconf 84' lang='grc' dir='ltr'><strong><em>καὶ</em></strong></span> <span class='ocrx_word' id='word_1_176' title='bbox 1066 2407 1166 2449; x_wconf 87' lang='grc' dir='ltr'><strong><em>κατα-</em></strong></span> 
     </span>
     <span class='ocr_line' id='line_1_23' title="bbox 152 2479 1168 2573; baseline 0.003 -22"><span class='ocrx_word' id='word_1_177' title='bbox 152 2482 325 2570; x_wconf 83' lang='grc' dir='ltr'><strong><em>φρονήσας</em></strong></span> <span class='ocrx_word' id='word_1_178' title='bbox 356 2484 425 2549; x_wconf 89' lang='grc' dir='ltr'><strong><em>τῶν</em></strong></span> <span class='ocrx_word' id='word_1_179' title='bbox 461 2483 731 2571; x_wconf 77' lang='grc' dir='ltr'><strong><em>πονηρευμάτων.</em></strong></span> <span class='ocrx_word' id='word_1_180' title='bbox 783 2479 800 2551; x_wconf 88' lang='grc' dir='ltr'><strong><em>ό</em></strong></span> <span class='ocrx_word' id='word_1_181' title='bbox 834 2481 898 2573; x_wconf 82' lang='grc' dir='ltr'><strong><em>γάρ</em></strong></span> <span class='ocrx_word' id='word_1_182' title='bbox 930 2479 951 2552; x_wconf 82' lang='grc' dir='ltr'><strong><em>ά</em></strong></span> <span class='ocrx_word' id='word_1_183' title='bbox 983 2485 1067 2573; x_wconf 71' lang='grc' dir='ltr'><strong><em>μηδὲ</em></strong></span> <span class='ocrx_word' id='word_1_184' title='bbox 1097 2489 1168 2555; x_wconf 90' lang='grc' dir='ltr'><strong><em>τῶν</em></strong></span> 
     </span>
     <span class='ocr_line' id='line_1_24' title="bbox 152 2581 1166 2682; baseline 0.004 -26"><span class='ocrx_word' id='word_1_185' title='bbox 152 2591 284 2677; x_wconf 80' lang='grc' dir='ltr'><strong><em>ἐχθρῶν</em></strong></span> <span class='ocrx_word' id='word_1_186' title='bbox 315 2615 365 2669; x_wconf 87' lang='grc' dir='ltr'><strong><em>τις</em></strong></span> <span class='ocrx_word' id='word_1_187' title='bbox 392 2585 448 2656; x_wconf 77' lang='grc' dir='ltr'><strong><em>ιλιά</em></strong></span> <span class='ocrx_word' id='word_1_188' title='bbox 481 2590 623 2675; x_wconf 80' lang='grc' dir='ltr'><strong><em>μέγεθος</em></strong></span> <span class='ocrx_word' id='word_1_189' title='bbox 656 2581 704 2659; x_wconf 89' lang='grc' dir='ltr'><strong><em>ῶν</em></strong></span> <span class='ocrx_word' id='word_1_190' title='bbox 736 2584 827 2682; x_wconf 78' lang='grc' dir='ltr'><strong><em>αὑτῶ</em></strong></span> <span class='ocrx_word' id='word_1_191' title='bbox 860 2589 1019 2659; x_wconf 75' lang='grc' dir='ltr'><strong><em>σύνοιδεν</em></strong></span> <span class='ocrx_word' id='word_1_192' title='bbox 1050 2588 1166 2680; x_wconf 78' lang='grc' dir='ltr'><strong><em>ἀδικη-</em></strong></span> 
     </span>
     <span class='ocr_line' id='line_1_25' title="bbox 151 2689 1165 2786; baseline 0.006 -25"><span class='ocrx_word' id='word_1_193' title='bbox 151 2694 264 2782; x_wconf 90' lang='grc' dir='ltr'><strong><em>μάτων</em></strong></span> <span class='ocrx_word' id='word_1_194' title='bbox 292 2697 410 2778; x_wconf 77' lang='grc' dir='ltr'><strong><em>ἐλπίζει</em></strong></span> <span class='ocrx_word' id='word_1_195' title='bbox 443 2696 624 2786; x_wconf 84' lang='grc' dir='ltr'><strong><em>ξυγχωρῶν</em></strong></span> <span class='ocrx_word' id='word_1_196' title='bbox 656 2689 791 2776; x_wconf 87' lang='grc' dir='ltr'><strong><em>είκότως</em></strong></span> <span class='ocrx_word' id='word_1_197' title='bbox 823 2692 940 2783; x_wconf 85' lang='grc' dir='ltr'><strong><em>ἀρετής</em></strong></span> <span class='ocrx_word' id='word_1_198' title='bbox 972 2699 1040 2765; x_wconf 89' lang='grc' dir='ltr'><strong><em>ἐστι</em></strong></span> <span class='ocrx_word' id='word_1_199' title='bbox 1072 2726 1165 2786; x_wconf 91' lang='grc' dir='ltr'><strong><em>νικη-</em></strong></span> 
     </span>
     <span class='ocr_line' id='line_1_26' title="bbox 152 2799 1205 2895; baseline 0.002 -25"><span class='ocrx_word' id='word_1_200' title='bbox 152 2801 268 2891; x_wconf 85' lang='grc' dir='ltr'><strong><em>φόρος,</em></strong></span> <span class='ocrx_word' id='word_1_201' title='bbox 295 2799 357 2888; x_wconf 86' lang='grc' dir='ltr'><strong><em>τήν</em></strong></span> <span class='ocrx_word' id='word_1_202' title='bbox 385 2806 484 2888; x_wconf 77' lang='grc' dir='ltr'><strong><em>δίκην</em></strong></span> <span class='ocrx_word' id='word_1_203' title='bbox 502 2800 563 2889; x_wconf 72' lang='grc' dir='ltr'><strong><em>μὲν</em></strong></span> <span class='ocrx_word' id='word_1_204' title='bbox 591 2803 643 2870; x_wconf 80' lang='grc' dir='ltr'><strong><em>ἐπὶ</em></strong></span> <span class='ocrx_word' id='word_1_205' title='bbox 661 2800 699 2870; x_wconf 87' lang='grc' dir='ltr'><strong><em>τὸ</em></strong></span> <span class='ocrx_word' id='word_1_206' title='bbox 726 2816 878 2889; x_wconf 84' lang='grc' dir='ltr'><strong><em>κρεῖττον</em></strong></span> <span class='ocrx_word' id='word_1_207' title='bbox 904 2803 960 2871; x_wconf 87' lang='grc' dir='ltr'><strong><em>καὶ</em></strong></span> <span class='ocrx_word' id='word_1_208' title='bbox 978 2804 1165 2895; x_wconf 77' lang='grc' dir='ltr'><strong><em>πρᾳότερον</em></strong></span> <span class='ocrx_word' id='word_1_209' title='bbox 1179 2832 1205 2873; x_wconf 77' lang='lat'><strong><em>25</em></strong></span> 
     </span>
    </p>
   </div>
   <div class='ocr_carea' id='block_1_3' title="bbox 133 3020 1204 3613">
    <p class='ocr_par' dir='ltr' id='par_1_3' title="bbox 133 3020 1165 3567">
     <span class='ocr_line' id='line_1_27' title="bbox 219 3020 1165 3108; baseline 0 -30"><span class='ocrx_word' id='word_1_210' title='bbox 219 3023 306 3092; x_wconf 82' lang='grc' dir='ltr'><strong><em>5μέν</em></strong></span> <span class='ocrx_word' id='word_1_211' title='bbox 323 3042 354 3078; x_wconf 88' lang='grc' dir='ltr'><strong><em>τε</em></strong></span> <span class='ocrx_word' id='word_1_212' title='bbox 372 3025 404 3076; x_wconf 90' lang='lat' dir='ltr'><strong><em>V.</em></strong></span> <span class='ocrx_word' id='word_1_213' title='bbox 429 3025 525 3076; x_wconf 77' lang='lat' dir='ltr'><strong>Voluit</strong></span> <span class='ocrx_word' id='word_1_214' title='bbox 543 3026 597 3076; x_wconf 83' lang='lat' dir='ltr'><strong><em>for</em></strong></span> <span class='ocrx_word' id='word_1_215' title='bbox 586 3030 660 3076; x_wconf 79' lang='lat' dir='ltr'><strong><em>asse</em></strong></span> <span class='ocrx_word' id='word_1_216' title='bbox 678 3020 731 3091; x_wconf 76' lang='grc' dir='ltr'><strong><em>μέν</em></strong></span> <span class='ocrx_word' id='word_1_217' title='bbox 750 3041 790 3092; x_wconf 85' lang='grc' dir='ltr'><strong><em>γε,</em></strong></span> <span class='ocrx_word' id='word_1_218' title='bbox 810 3026 881 3093; x_wconf 86' lang='lat' dir='ltr'>quod</span> <span class='ocrx_word' id='word_1_219' title='bbox 893 3042 949 3076; x_wconf 88' lang='lat' dir='ltr'><strong><em>non</em></strong></span> <span class='ocrx_word' id='word_1_220' title='bbox 960 3041 1072 3092; x_wconf 84' lang='lat' dir='ltr'>prorsus</span> <span class='ocrx_word' id='word_1_221' title='bbox 1090 3043 1165 3108; x_wconf 86' lang='lat' dir='ltr'><strong>sper·</strong></span> 
     </span>
     <span class='ocr_line' id='line_1_28' title="bbox 151 3089 1165 3159; baseline 0.002 -16"><span class='ocrx_word' id='word_1_222' title='bbox 151 3095 278 3146; x_wconf 81' lang='lat' dir='ltr'>nendum.</span> <span class='ocrx_word' id='word_1_223' title='bbox 308 3094 371 3144; x_wconf 86' lang='lat' dir='ltr'><strong>Vid.</strong></span> <span class='ocrx_word' id='word_1_224' title='bbox 391 3095 458 3144; x_wconf 73' lang='lat'><strong><em>7713</em></strong></span> <span class='ocrx_word' id='word_1_225' title='bbox 478 3099 506 3142; x_wconf 82' lang='lat' dir='ltr'><strong><em>et</em></strong></span> <span class='ocrx_word' id='word_1_226' title='bbox 523 3093 668 3144; x_wconf 79' lang='lat' dir='ltr'>Heindorf.</span> <span class='ocrx_word' id='word_1_227' title='bbox 687 3094 731 3145; x_wconf 79' lang='lat' dir='ltr'><strong><em>ad.</em></strong></span> <span class='ocrx_word' id='word_1_228' title='bbox 749 3095 819 3149; x_wconf 79' lang='lat' dir='ltr'><strong>Plat.</strong></span> <span class='ocrx_word' id='word_1_229' title='bbox 838 3096 912 3145; x_wconf 82' lang='lat' dir='ltr'><strong>Prot.</strong></span> <span class='ocrx_word' id='word_1_230' title='bbox 932 3111 958 3159; x_wconf 90' lang='lat' dir='ltr'>p</span> <span class='ocrx_word' id='word_1_231' title='bbox 977 3097 1027 3147; x_wconf 84' lang='grc'><strong><em>565</em></strong></span> <span class='ocrx_word' id='word_1_232' title='bbox 1080 3089 1165 3146; x_wconf 78' lang='grc' dir='ltr'><strong><em>’ίτόν</em></strong></span> 
     </span>
     <span class='ocr_line' id='line_1_29' title="bbox 150 3153 1164 3244; baseline 0.003 -33"><span class='ocrx_word' id='word_1_233' title='bbox 150 3153 257 3242; x_wconf 87' lang='grc' dir='ltr'><strong><em>τρόπον</em></strong></span> <span class='ocrx_word' id='word_1_234' title='bbox 276 3178 331 3212; x_wconf 89' lang='lat' dir='ltr'><strong><em>om.</em></strong></span> <span class='ocrx_word' id='word_1_235' title='bbox 348 3161 386 3225; x_wconf 85' lang='lat' dir='ltr'><strong><em>V,</em></strong></span> <span class='ocrx_word' id='word_1_236' title='bbox 410 3162 439 3210; x_wconf 87' lang='lat' dir='ltr'><strong><em>in</em></strong></span> <span class='ocrx_word' id='word_1_237' title='bbox 457 3162 486 3210; x_wconf 94' lang='grc' dir='ltr'><strong>Μ</strong></span> <span class='ocrx_word' id='word_1_238' title='bbox 509 3161 570 3210; x_wconf 82' lang='lat' dir='ltr'><strong><em>add</em></strong></span> <span class='ocrx_word' id='word_1_239' title='bbox 588 3176 622 3209; x_wconf 88' lang='lat' dir='ltr'><strong><em>m.</em></strong></span> <span class='ocrx_word' id='word_1_240' title='bbox 642 3177 663 3212; x_wconf 87' lang='grc' dir='ltr'><strong><em>ε.</em></strong></span> <span class='ocrx_word' id='word_1_241' title='bbox 696 3159 809 3224; x_wconf 78' lang='lat' dir='ltr'>OonJeci</span> <span class='ocrx_word' id='word_1_242' title='bbox 829 3163 929 3239; x_wconf 83' lang='lat' dir='ltr'><strong>igitur.</strong></span> <span class='ocrx_word' id='word_1_243' title='bbox 953 3159 1093 3244; x_wconf 78' lang='grc' dir='ltr'><strong><em>περὶτοῦ</em></strong></span> <span class='ocrx_word' id='word_1_244' title='bbox 1112 3161 1164 3228; x_wconf 86' lang='grc' dir='ltr'><strong><em>βα-</em></strong></span> 
     </span>
     <span class='ocr_line' id='line_1_30' title="bbox 152 3177 1164 3314; baseline 0.003 -35"><span class='ocrx_word' id='word_1_245' title='bbox 152 3225 248 3288; x_wconf 82' lang='grc' dir='ltr'><strong><em>σιλὲως</em></strong></span> <span class='ocrx_word' id='word_1_246' title='bbox 266 3199 395 3308; x_wconf 83' lang='grc' dir='ltr'><strong><em>ἐγνωκῶς</em></strong></span> <span class='ocrx_word' id='word_1_247' title='bbox 413 3221 530 3306; x_wconf 86' lang='grc' dir='ltr'><strong><em>τρόπον,</em></strong></span> <span class='ocrx_word' id='word_1_248' title='bbox 550 3217 601 3279; x_wconf 85' lang='grc' dir='ltr'><strong><em>άτε</em></strong></span> <span class='ocrx_word' id='word_1_249' title='bbox 624 3220 656 3280; x_wconf 89' lang='grc' dir='ltr'><strong><em>ἐν</em></strong></span> <span class='ocrx_word' id='word_1_250' title='bbox 672 3177 769 3279; x_wconf 83' lang='grc' dir='ltr'><strong><em>πολλῶ</em></strong></span> <span class='ocrx_word' id='word_1_251' title='bbox 777 3221 878 3314; x_wconf 79' lang='grc' dir='ltr'><strong><em>χρόνῳ</em></strong></span> <span class='ocrx_word' id='word_1_252' title='bbox 896 3228 1079 3297; x_wconf 86' lang='grc' dir='ltr'><strong><em>κατανοήσας</em></strong></span> <span class='ocrx_word' id='word_1_253' title='bbox 1149 3234 1164 3282; x_wconf 85' lang='grc'><strong>9</strong></span> 
     </span>
     <span class='ocr_line' id='line_1_31' title="bbox 150 3267 1165 3382; baseline 0.001 -35"><span class='ocrx_word' id='word_1_254' title='bbox 150 3300 251 3361; x_wconf 88' lang='grc' dir='ltr'><strong><em>ορμειν</em></strong></span> <span class='ocrx_word' id='word_1_255' title='bbox 268 3289 375 3362; x_wconf 86' lang='lat' dir='ltr'><strong>Pet]</strong></span> <span class='ocrx_word' id='word_1_256' title='bbox 362 3313 434 3382; x_wconf 84' lang='grc' dir='ltr'><strong><em>ορμη</em></strong></span> <span class='ocrx_word' id='word_1_257' title='bbox 462 3296 466 3361; x_wconf 85' lang='grc' dir='ltr'>Ι</span> <span class='ocrx_word' id='word_1_258' title='bbox 493 3267 576 3374; x_wconf 85' lang='grc' dir='ltr'><strong><em>σόνίη</em></strong></span> <span class='ocrx_word' id='word_1_259' title='bbox 598 3296 622 3345; x_wconf 91' lang='lat' dir='ltr'><strong>V</strong></span> <span class='ocrx_word' id='word_1_260' title='bbox 693 3299 724 3346; x_wconf 86' lang='lat'><strong><em>14</em></strong></span> <span class='ocrx_word' id='word_1_261' title='bbox 747 3283 801 3362; x_wconf 82' lang='grc' dir='ltr'><strong><em>μέν</em></strong></span> <span class='ocrx_word' id='word_1_262' title='bbox 824 3292 856 3348; x_wconf 91' lang='grc' dir='ltr'><strong><em>οι</em></strong></span> <span class='ocrx_word' id='word_1_263' title='bbox 877 3297 971 3363; x_wconf 78' lang='lat' dir='ltr'><strong>hieV‚</strong></span> <span class='ocrx_word' id='word_1_264' title='bbox 996 3313 1080 3362; x_wconf 81' lang='lat' dir='ltr'><strong>supra</strong></span> <span class='ocrx_word' id='word_1_265' title='bbox 1104 3314 1165 3348; x_wconf 80' lang='lat' dir='ltr'><strong><em>eum</em></strong></span> 
     </span>
     <span class='ocr_line' id='line_1_32' title="bbox 150 3335 1204 3445; baseline 0.006 -33"><span class='ocrx_word' id='word_1_266' title='bbox 150 3364 266 3428; x_wconf 83' lang='lat' dir='ltr'><strong>vlugata</strong></span> <span class='ocrx_word' id='word_1_267' title='bbox 295 3359 349 3429; x_wconf 71' lang='grc' dir='ltr'><strong><em>μὲν</em></strong></span> <span class='ocrx_word' id='word_1_268' title='bbox 376 3360 406 3415; x_wconf 80' lang='grc' dir='ltr'><strong><em>ολ</em></strong></span> <span class='ocrx_word' id='word_1_269' title='bbox 484 3368 517 3416; x_wconf 86' lang='grc'><strong><em>16</em></strong></span> <span class='ocrx_word' id='word_1_270' title='bbox 539 3381 604 3443; x_wconf 89' lang='grc' dir='ltr'><strong><em>της</em></strong></span> <span class='ocrx_word' id='word_1_271' title='bbox 613 3363 674 3416; x_wconf 80' lang='lat' dir='ltr'><strong>add.</strong></span> <span class='ocrx_word' id='word_1_272' title='bbox 699 3364 726 3414; x_wconf 86' lang='lat' dir='ltr'><strong>H</strong></span> <span class='ocrx_word' id='word_1_273' title='bbox 811 3367 843 3415; x_wconf 82' lang='lat'><strong><em>21</em></strong></span> <span class='ocrx_word' id='word_1_274' title='bbox 871 3335 1068 3445; x_wconf 79' lang='grc' dir='ltr'><strong><em>ἐξελεγχθεῐσι</em></strong></span> <span class='ocrx_word' id='word_1_275' title='bbox 1090 3363 1204 3432; x_wconf 87' lang='lat' dir='ltr'><strong><em>VM]</em></strong></span> 
     </span>
     <span class='ocr_line' id='line_1_33' title="bbox 151 3423 1165 3513; baseline 0.007 -35"><span class='ocrx_word' id='word_1_276' title='bbox 151 3423 317 3506; x_wconf 77' lang='grc' dir='ltr'><strong><em>ἐλεγχθεῖσι</em></strong></span> <span class='ocrx_word' id='word_1_277' title='bbox 384 3434 417 3481; x_wconf 78' lang='lat'><strong><em>22</em></strong></span> <span class='ocrx_word' id='word_1_278' title='bbox 435 3423 661 3513; x_wconf 81' lang='grc' dir='ltr'><strong><em>πονηρευμάτων</em></strong></span> <span class='ocrx_word' id='word_1_279' title='bbox 678 3428 715 3498; x_wconf 89' lang='lat' dir='ltr'><strong><em>V]</em></strong></span> <span class='ocrx_word' id='word_1_280' title='bbox 735 3428 975 3510; x_wconf 84' lang='grc' dir='ltr'><strong><em>πονηρευσάντων</em></strong></span> <span class='ocrx_word' id='word_1_281' title='bbox 1045 3437 1080 3483; x_wconf 80' lang='lat'><strong><em>24</em></strong></span> <span class='ocrx_word' id='word_1_282' title='bbox 1098 3432 1165 3500; x_wconf 82' lang='grc' dir='ltr'><strong><em>ξνγ·</em></strong></span> 
     </span>
     <span class='ocr_line' id='line_1_34' title="bbox 133 3491 1096 3613; baseline 0.008 -70"><span class='ocrx_word' id='word_1_283' title='bbox 133 3495 242 3558; x_wconf 78' lang='grc' dir='ltr'><strong><em>χωρῶν</em></strong></span> <span class='ocrx_word' id='word_1_284' title='bbox 264 3495 335 3562; x_wconf 81' lang='lat' dir='ltr'><strong><em>VM]</em></strong></span> <span class='ocrx_word' id='word_1_285' title='bbox 352 3498 507 3566; x_wconf 88' lang='grc' dir='ltr'><strong><em>συγχωρῶν</em></strong></span> <span class='ocrx_word' id='word_1_286' title='bbox 531 3499 535 3565; x_wconf 91' lang='grc' dir='ltr'>Ι</span> <span class='ocrx_word' id='word_1_287' title='bbox 565 3494 669 3613; x_wconf 86' lang='grc' dir='ltr'><strong><em>άρετης</em></strong></span> <span class='ocrx_word' id='word_1_288' title='bbox 687 3491 857 3567; x_wconf 82' lang='grc' dir='ltr'><strong><em>νικηφόρος]</em></strong></span> <span class='ocrx_word' id='word_1_289' title='bbox 878 3500 938 3551; x_wconf 90' lang='lat' dir='ltr'><strong>Vid.</strong></span> <span class='ocrx_word' id='word_1_290' title='bbox 957 3499 991 3550; x_wconf 84' lang='lat' dir='ltr'><strong><em>ad</em></strong></span> <span class='ocrx_word' id='word_1_291' title='bbox 1009 3502 1096 3551; x_wconf 77' lang='lat' dir='ltr'>354A</span> 
     </span>
    </p>
   </div>
   <div class='ocr_carea' id='block_1_4' title="bbox 0 0 1228 3870">
    <p class='ocr_par' dir='ltr' id='par_1_4' title="bbox 0 0 1228 3870">
     <span class='ocr_line' id='line_1_35' title="bbox 0 0 1228 3870; baseline 0 1"><span class='ocrx_word' id='word_1_292' title='bbox 0 0 1228 3870; x_wconf 95' lang='lat' dir='ltr'><strong><em> </em></strong></span> 
     </span>
    </p>
   </div>
  </div>
 </body>
</html>
