2416 3864
126 155 190 220 348
431 157 574 209 ιιιιιιαι
597 157 846 210 ιιιευαιυοιυε

210 280 347 353 Οῦιιοῦν
374 289 406 353 εἰ
431 286 535 352 ταῦτα
561 279 642 372 παρ’
671 279 754 371 ὑμῖν
781 282 844 372 μὲν
866 275 911 373 ἦν
937 284 1053 370 πάλαι,
1081 284 1141 354 σό-

130 398 215 472 ζεται
242 389 280 458 δὲ
307 392 341 471 ἐξ
370 392 501 459 ἐκείνου
533 392 588 458 καλ
617 395 665 470 εἰς
691 386 779 478 ὑμᾶς
805 396 853 458 ἔτι
879 393 940 478 τῆς
966 393 1038 458 τῦυ
1065 415 1142 480 προ-

128 495 241 582 γόνων
274 493 392 585 ἀρετῆς
424 492 534 584 ὥσπερ
573 495 767 586 ἐμπόρευμά
798 523 829 564 τι
867 497 1027 586 σμικρόν,
1059 497 1143 577 εῖιιός

129 605 219 671 ἐστιν
245 597 333 691 ῦμάς
351 599 414 672 οῦα
433 607 480 684 εῖς
498 600 535 673 τὸ
555 604 699 690 μέγεθος
716 605 786 671 τάν
803 605 1044 692 πραττομένων
1063 600 1143 691 ἀφο-

129 711 194 798 ρᾶν
221 705 303 778 οῦδὲ
330 718 364 778 ελ
385 736 436 791 τις
462 705 574 797 ὥσπερ
602 705 649 777 δι’
664 714 665 720 ’
679 705 778 799 ἀέρος
806 709 985 797 ἐπτάμενος
1012 708 1164 797 διάτῆςι

46 814 52 821 ’
129 818 190 903 γῆς
231 815 388 901 ἐβάθισεν
433 812 591 906 άμιγχάνφ
640 816 731 903 τάχει
771 817 826 884 καὶ
867 812 1000 907 άτρότφ
1043 816 1143 904 ῥώμῃ,

130 935 268 991 σκοπεῖν
300 921 339 990 δέ
366 919 432 1016 ότφ
464 925 568 991 ταῦτα
600 919 681 1010 μετά
711 923 773 990 τοῦ
806 927 940 991 δικαίου
973 930 1143 1012 κατείργα·

132 1048 217 1114 σται,
244 1019 327 1119 κᾷτα
355 1024 398 1098 άν
426 1028 487 1117 μὲν
505 1035 666 1117 φαίνηται
694 1026 757 1110 ξὺν
775 1033 853 1116 ὃίιιφ
879 1027 1049 1115 πράττων,
1077 1032 1136 1117 ῖθί,

77 1151 169 1202 τῖοτε
201 1130 307 1203 αῦτὸυ
343 1143 424 1216 ἴσως
454 1137 510 1203 καὶ
544 1140 688 1224 δημοσίᾳ
724 1133 845 1214 πάντες
882 1137 1063 1222 ἐπαινεῖτε,
1089 1137 1143 1221 τῆς

131 1246 226 1328 δίκης
254 1240 291 1308 δὲ
319 1235 525 1328 όλιγὼρήσας
552 1237 740 1328 άτιμάζοιτο
760 1236 803 1309 ἀν
829 1238 909 1329 παρ’
939 1236 1039 1328 ὑμῶν
1063 1239 1144 1310 εῖιιό-
1157 1263 1178 1303 ιι

131 1371 205 1425 τως.
251 1342 355 1414 οὐδὲν
381 1343 447 1433 γάρ
466 1342 573 1427 οὕτως
600 1347 690 1415 ἐστὶν
709 1342 755 1428 ὡς
780 1344 819 1415 τὸ
837 1351 972 1415 δίκαιον
999 1343 1147 1435 ἀδελφόν

132 1448 303 1538 φρονήσει.
348 1448 428 1532 τοῦς
460 1442 524 1520 οῦν
556 1449 772 1540 ἀτιμάζοντας
802 1455 902 1521 τοῦτο
935 1457 1075 1534 δικαίας
1097 1449 1147 1533 ἱἀν

131 1557 186 1624 ναὶ
216 1552 260 1638 ῦς
288 1562 334 1637 εἰς
360 1555 423 1645 τὴν
449 1555 528 1647 παρ’
558 1554 640 1646 ὑμῖν
667 1557 753 1627 θεὸν
781 1555 990 1646 ἀσεβοῦντας
1018 1558 1148 1640 ἐξελαύ-

132 1688 230 1733 νοιτε.
284 1663 449 1753 βούλομαι
490 1656 555 1733 οῦν
590 1659 674 1752 ῦμῖν
709 1662 750 1738 τά
786 1660 858 1733 κατ’
898 1661 1046 1751 ἐμαυτὸν
1088 1662 1148 1732 οῦκ

133 1765 295 1855 ἀγνοοῦσι
322 1770 384 1858 μὲν
411 1768 609 1857 ἀπαγγεῖλαι
637 1769 675 1838 δὲ
694 1767 793 1858 ὅμως,
822 1767 922 1856 ὅπως,
941 1778 975 1838 εἴ
997 1796 1029 1838 τι
1058 1773 1147 1857 λέλη-
1160 1791 1182 1833 ιι

92 1886 210 1945 Βθεν·
238 1874 328 1957 εἰκὸς
355 1877 393 1945 δὲ
420 1883 493 1946 ἐνια
520 1877 576 1945 καλ
605 1873 668 1944 ὅσα
695 1875 837 1965 μάλιστα
855 1891 925 1956 τοῖς
951 1878 1036 1945 πάσι
1063 1903 1146 1963 γνω-

133 1984 259 2070 σθῆναι
286 1983 460 2072 προσήκει·
488 1979 572 2071 ὑμῖν
597 2007 633 2051 τε
655 1984 711 2050 καὶ
739 1979 785 2050 δι’
815 1978 913 2071 ῦμῦν
938 1996 1010 2064 τοῖς
1038 1980 1149 2063 ἀλλοις

126 2085 262 2176 Ἕλλησι
293 2091 425 2174 γένοιτο
461 2089 622 2180 γνώριμα.
672 2090 789 2176 μηθεὶς
821 2079 885 2156 οῦν
922 2083 1078 2177 ὑπολάβῃ
1111 2114 1149 2176 με

133 2202 247 2284 ληρεῖν
279 2190 299 2282 ἢ
333 2203 512 2284 φλυαρεῖν,
549 2200 581 2264 εἰ
611 2196 686 2284 περὶ
722 2195 791 2263 τῦν
827 2197 931 2263 πᾶσιν
968 2191 1081 2284 ὥσπερ
1114 2196 1150 2262 ἐν

134 2295 324 2387 ὀφθαλμοῖς
364 2301 552 2388 γεγονότων
589 2297 632 2369 οῦ
667 2298 769 2370 πάλαι
809 2300 936 2389 μόνον,
972 2297 1058 2369 ἀλλά
1095 2301 1184 2370 καὶαι

5 2406 17 2411 ’
133 2406 240 2494 μιαρῷ
258 2406 433 2495 πρότερον,
451 2413 628 2476 ποιεῖσθαί
642 2433 736 2488 τινας
754 2407 995 2496 ἐπιχειρήσαιμι
1013 2406 1149 2494 λόγους·

134 2507 259 2577 οῦόένα
290 2508 355 2601 γάρ
389 2508 491 2582 οῦδὲν
522 2509 660 2600 ἀγνοεῖν
695 2512 861 2601 βούλομαι
891 2515 961 2581 τόν
992 2514 1151 2600 ἐμαυτοῦ,

134 2615 318 2685 λανθάνειν
346 2617 384 2686 δὲ
411 2615 513 2688 ἀλλον
532 2617 615 2689 ἀλλα
643 2619 745 2701 εῖιιός·
773 2616 915 2709 ἄρξομαι
940 2617 978 2687 δὲ
997 2615 1065 2689 ἀπὸ
1083 2622 1150 2689 τῶν

37 2815 38 2819 ¹
95 2721 313 2812 Οπρογόνυν
339 2727 474 2814 πρῶτον
500 2728 569 2794 τῦυ
597 2728 752 2813 ἐμαυτοῦ.

232 2832 312 2898 Καὶ4
332 2827 383 2900 ὅτι
420 2832 482 2920 μὲν
517 2829 558 2901 τά
596 2829 679 2921 πρὸς
713 2829 847 2921 πατρὸς
873 2826 955 2919 ἡμῖν
991 2833 1184 2901 ἐντεῦθενῖῖ

135 2932 280 3026 ὅθενπερ
307 2939 363 3007 καὶ
390 2943 616 3030 Κωνσταντίφ
648 2936 690 3006 τά
721 2936 806 3028 πρὸς
837 2935 962 3027 πατρὸς
990 2934 1150 3028 ὥρμηται,

120 3042 293 3133 φανερόν.
330 3041 376 3113 τῦ
396 3042 460 3136 γὰρ
488 3040 633 3134 ἡμετέρα
656 3045 775 3132 πατέρι
803 3044 986 3130 γεγόνατον
1015 3040 1150 3132 ἀδελφά

134 3149 315 3239 πατρόθεν.
361 3148 449 3220 οῦτοι
483 3149 520 3219 δὲ
552 3156 696 3239 πλησίου
728 3145 813 3238 ἡμᾶς
845 3146 946 3231 όντας
977 3164 1151 3237 συγγενεῖς

221 3461 251 3509 11
275 3391 434 3526 ιτῦιῦῦῦθῖὶοῦ
457 3459 495 3522 V,
522 3451 654 3524 ἀδελφόν
682 3450 799 3524 ἀγαθόν
826 3457 923 3524 spanh.
1013 3459 1044 3507 16
1072 3452 1149 3521 ἔνια]

139 3519 301 3576 λανθάνειν
320 3523 384 3579 ἔνια
401 3526 494 3577 Rska
538 3528 570 3577 27
589 3518 628 3577 τό
646 3521 679 3591 V]
698 3523 736 3595 τῷ
769 3523 773 3585 Ι
805 3518 925 3590 ἀδελφά
944 3525 969 3574 V
1037 3546 1040 3549 ·
