2408 3856
132 172 175 236 60
433 171 578 225 mmm
596 169 847 223 ιιιΡΕιικΤοωιε

132 299 259 381 πάντας
290 291 329 369 εὖ
359 312 469 368 ποιεῖν
501 301 556 367 καὶ
588 308 763 393 μιμεῖσθαι
793 295 855 386 τὴν
887 304 986 368 θείαν
1019 300 1056 367 ἐν
1088 297 1151 368 άν-

132 406 285 496 θριόποις
312 404 430 494 φύσιν·
462 404 575 496 πράως
606 403 667 493 μὲν
694 410 782 492 ἐχειν
812 401 895 494 πρὸς
927 401 1049 494 ὀργήν,
1080 409 1151 476 τάν

92 515 303 603 Βτιμωριῶν
331 512 368 581 δὲ
396 508 615 601 άφαιρείσθαι
641 509 700 592 τάς
725 510 962 599 χαλεπότητας,
990 517 1150 582 πταίσασι

134 618 172 690 δὲ
191 616 283 706 οἶμαι
309 633 380 699 τοῖς
398 620 532 708 ἐχθροῖς
555 618 705 698 ἐπιεικῶς
731 619 788 686 καὶ
806 613 1028 705 εὐγνωμόνως
1044 639 1150 708 προσ-

134 727 307 814 φέρεσθαι.
341 726 457 793 ,ταῦτα
485 723 654 815 πράττων,
681 726 785 792 ταῦτα
812 723 1012 811 θαυμάζων,
1043 727 1181 794 ταῦται

133 847 204 912 τοῖς
236 815 348 912 άλλοις
379 831 593 921 προστάττων
625 839 799 918 μιμεῖσθαι
830 826 893 916 την
921 825 1049 918 Ῥεόμην
1077 833 1150 919 μέν,
1196 860 1198 867 ’

134 943 181 1006 ἐτι
213 939 275 1006 τοῦ
305 937 478 1029 τυράννου
510 940 713 1028 κρατοῦντος
739 939 798 1024 τῆς
821 932 974 1023 Ἰταλίας,
1008 933 1065 1006 διά
1092 940 1152 1025 της
1194 953 1198 958 “

134 1049 312 1133 γερουσίας
347 1050 395 1125 είς
426 1049 594 1113 Παιονίαν
630 1044 844 1131 μετέστησας,
879 1041 1085 1132 προθύμους
1113 1043 1151 1113 δὲ

134 1149 218 1238 εἶχες
250 1148 309 1231 τὰς
339 1149 451 1229 πόλεις
483 1147 566 1238 πρὸς
598 1146 656 1228 τὰς
687 1154 904 1238 λειτουργίας.
948 1150 1017 1216 τῶν
1050 1168 1150 1238 στρα-

133 1256 306 1344 τευμάτων
335 1254 372 1324 (λέ
398 1252 462 1344 τὴν
493 1252 631 1324 εὔνοιαν
657 1259 707 1334 τίς
738 1249 781 1322 άν
809 1251 909 1335 άξίως
937 1254 1150 1343 θιηγήσαιτο;
1164 1276 1203 1332 1ος

133 1360 223 1442 τάξις
250 1359 311 1449 μέν
339 1361 466 1429 ίππέων
492 1358 634 1451 πρὸτῆς
661 1362 699 1428 έν
726 1363 766 1449 τῇ
784 1359 910 1451 Μόρση
937 1359 1151 1451 παρατάξεως

95 1466 358 1556 Ομεθειστήκει,
392 1467 461 1536 ἐπεὶ
490 1466 527 1536 δὲ
559 1468 616 1554 της
646 1462 783 1548 Ἰταλίας
815 1466 1011 1556 ἐκράτησας,
1043 1470 1151 1550 πεζόν

133 1572 313 1659 κατάλογοι
344 1574 402 1642 καλ
434 1573 510 1660 τέλη
542 1572 683 1664 λαμπρά.
729 1569 813 1641 ἀλλά
844 1571 882 1641 τὸ
915 1571 1036 1663 μικρὸν
1069 1571 1150 1661 μετὰ

133 1677 196 1766 τὴν
223 1681 285 1748 τοῦ
312 1679 482 1770 τυράννου
506 1682 653 1767 δυστυχῇ
680 1676 837 1766 τελευτὴν
866 1681 902 1746 ἐν
922 1684 1069 1769 Γαλατίᾳ
1097 1707 1149 1766 γε·

134 1784 280 1873 νόμενον
316 1783 438 1875 κοινὴν
475 1780 633 1854 ἁπάντων
672 1786 777 1866 ἔδειξε
818 1786 1052 1875 στρατοπέδων
1088 1784 1151 1874 τὴν
1166 1805 1196 1846 1⁵»

135 1888 284 1979 εὔνοιαν,
311 1890 372 1961 τὸν
398 1890 659 1983 θρασυνόμενον
677 1889 829 1981 καθάπερ
857 1887 908 1959 ἐπ’
940 1893 1076 1980 ἐρημίας
1094 1893 1152 1961 καὶ

134 1995 196 2086 τὴν
223 2006 420 2086 γυναικείαν
448 1994 632 2089 άλονργίὸα
650 1995 914 2086 περιβαλόμενον
938 1994 1048 2088 ὥσπερ
1076 1996 1152 2067 τινά

134 2104 239 2174 λύκον
266 2107 425 2194 ἐξαίφνης
452 2105 743 2191 θιασπασαμένων.
784 2099 874 2184 ὅστις
901 2102 939 2189 δὲ
967 2105 1020 2172 ἐπὶ
1047 2104 1152 2192 ταύτῃ

135 2212 277 2297 γέγονας
294 2214 334 2300 τῇ
362 2211 487 2299 πράξει,
514 2211 571 2278 καλ
590 2207 680 2290 ὅπως
696 2208 812 2300 πράως
829 2202 933 2277 άπασι
954 2210 1011 2278 καλ
1030 2218 1151 2296 φιλαν-

90 2333 116 2387 Ι)
134 2314 281 2404 θράπως
315 2331 386 2397 τοῖς
422 2317 554 2384 ἐκείνου
586 2320 766 2405 γνωρίμοις
797 2317 1045 2406 προσηνέχθης,
1078 2313 1153 2386 ὅσοι
1166 2334 1197 2375 20

134 2419 241 2508 μηδὲν
268 2417 445 2509 ἠλέγχοντο
474 2423 589 2512 ἐκείνφ
617 2421 881 2509 συμπράξαντες,
913 2424 1047 2490 πολλῶν
1076 2428 1152 2510 ἐφε-

121 2526 306 2622 στηκότων
321 2530 372 2616 τῇ
400 2532 583 2618 κατηγορίᾳ
615 2531 855 2615 συκοφαντῶν,
886 2529 943 2596 καλ
974 2525 1036 2615 την
1068 2526 1153 2618 πρὸς

136 2633 266 2703 ἐκεῖνον
302 2639 420 2722 φιλίαν
452 2629 655 2704 ὑποπτεύειν
687 2633 793 2722 μόνον
829 2633 1052 2721 κελευόντων,
1086 2631 1151 2720 ἐγώ

135 2737 197 2825 μὲν
224 2735 354 2827 άπάσης
386 2736 504 2830 άρετῆς
535 2746 670 2830 τίθεμαι
697 2738 734 2808 τὸ
764 2739 956 2826 κεφάλαιον.
1002 2742 1059 2808 καὶ
1087 2738 1154 2829 γάρ

136 2846 287 2927 ἐπιεικῶς
313 2847 369 2916 καλ
397 2850 534 2928 δικαίως
552 2849 639 2935 φημὶ
666 2847 722 2915 καλ
740 2844 828 2915 πολὺ
844 2847 946 2915 πλέον
975 2845 1153 2936 ἐμφρόνως
1167 2863 1195 2904 ²⁵

133 2952 334 3043 πεπράχθαι.
384 2949 475 3033 ὅστις
512 2952 549 3022 δέ
585 2950 693 3032 άλλως
728 2947 856 3040 ἡγεῖται
891 2953 946 3021 καί
982 2955 1042 3040 τῆς
1078 2953 1153 3043 περὶ

204 3193 220 3240 3
239 3184 436 3257 χαλεπότητας
453 3187 490 3255 V]
511 3179 714 3256 χαλεπωτάτας
784 3190 816 3239 10
839 3181 1011 3254 διηγήσαιτο
1030 3190 1155 3245 seriben-

135 3257 197 3308 dum
217 3262 266 3307 aut
284 3246 321 3309 άν
339 3257 488 3310 delendum
507 3271 568 3309 esso
586 3257 691 3309 monuit
705 3255 823 3316 Schaef„
843 3254 911 3322 διηγ
924 3250 1018 3322 ’σηται
1036 3255 1069 3318 V,
1090 3254 1154 3320 διη-

134 3317 254 3390 γήσεται
272 3341 289 3374 v
343 3328 374 3376 11
392 3324 427 3392 τῆ
445 3319 538 3392 μόρση
556 3321 592 3390 V]
612 3316 718 3405 Μόρση
771 3327 803 3374 12
821 3316 884 3376 ἐπεὶ
903 3272 936 3375 ὄλ
955 3319 1028 3390 Pet.]
1048 3315 1151 3376 ἔπειθ’

134 3395 167 3443 17
195 3385 425 3459 περιβαλόμενον
451 3390 494 3459 H]
521 3391 767 3459 περιβαλλόμενον
793 3392 830 3450 V,
858 3387 1084 3458 περιτιθέμενον
1106 3408 1124 3441 v

133 3456 224 3573 τρνῶιχ
242 3452 360 3576 χρόμιρνῗ
405 3520 406 3523 ¹
446 3462 479 3512 23
503 3451 616 3512 ἐκεῖνον
632 3455 707 3526 VM]
732 3455 851 3511 ἐκείνων
936 3460 970 3510 24
988 3449 1031 3524 τό]
1050 3455 1155 3514 τοῦτοί

132 3539 168 3575 ο.
188 3540 205 3574 ιι
