2416 3864
136 125 199 190 278
439 125 582 179 ιυωιω
604 107 852 177 ιασωιτιωοιιιε

98 259 263 346 Οπρῶτοι
299 252 362 343 την
398 249 565 323 εὐτέλειαν
602 249 731 338 ἤσκουν
768 248 825 319 διὰ
860 249 1010 336 πάντων,
1050 240 1151 318 οίτὸ

137 359 296 451 τραγικὸν
323 362 379 431 καὶ
407 357 555 448 σοβαρὸν
583 360 705 427 ἐκτῶν
733 354 917 445 ἀλλοτρίων
945 358 1153 446 ἐξαιροῦντες

138 474 223 555 βίων
255 465 367 561 η’έκονν
405 462 502 534 αύτοὶ
538 467 665 555 πρῶτοι
701 463 760 545 τάς
796 461 921 553 ἀγορὰς
951 458 972 551 η’
1008 462 1049 531 τά
1086 467 1153 532 τῶν

137 577 230 642 θεῶν
261 575 394 661 τεμένη,
427 574 467 660 τῇ
499 574 610 660 τρυφῇ
643 570 681 639 δέ
713 571 768 640 καί
795 568 860 660 πρὸ
892 572 961 642 τῶν
995 569 1152 659 ῥημάτων

138 677 195 747 θιά
231 681 300 748 τῶν
337 685 445 768 ἔργων
482 678 682 765 ἐπολέμουν,
724 683 834 767 ἔργοις
871 677 1073 764 ἐλέγχοντες,
1090 714 1094 719 ⁹
1113 675 1175 748 ούτ

137 785 226 877 λάχω
264 788 423 873 βοῶντες,
461 781 511 854 ὅτι
547 787 593 876 τῷ
631 784 691 852 Διί
728 782 986 871 συμβασιλεύειν
1027 786 1153 865 ἔξεστιν

70 880 73 881 ⁷
138 889 279 973 ούθενὸς
306 887 327 979 ἢ
355 894 505 981 σμικρῶν
523 890 613 960 πάνυ
642 890 803 977 δεόμενον
827 887 908 958 οὐδὲ
926 890 1151 979 παρενοχλού-

137 1025 240 1085 μενον
268 993 334 1067 ὑπὸ
362 1001 425 1067 τού
453 996 618 1086 σώματος,
648 1000 809 1084 ἐπετίμων
837 995 874 1065 δὲ
907 1009 976 1077 τοῖς
1008 991 1152 1086 ἀμαρτά-

136 1125 269 1191 νουσιν,
296 1100 397 1192 ἡνίκα
425 1109 506 1187 ἔζων
530 1108 565 1173 οί
589 1109 797 1189 πταίσαντες,
825 1098 887 1172 ούκ
915 1099 1153 1184 ἀποθανόντας

94 1210 389 1298 Βέβλασφημουν,
417 1206 516 1297 ἡνίκα
543 1211 691 1278 καὶτῶν
718 1211 851 1298 ἐχθρῶν
879 1213 915 1277 ολ
940 1209 1151 1298 μετριώτεροι
1165 1238 1185 1278 ιο

138 1317 339 1385 σπένδονται
365 1329 436 1396 τοῖς
463 1312 680 1384 ἀπελθοῦσιν.
717 1319 782 1402 ἔχει
810 1314 847 1383 δέ
875 1310 895 1383 ὅ
922 1343 959 1402 με
976 1312 1151 1403 «ἀληθινὸς

136 1421 230 1488 κύων
263 1419 387 1510 ἐχθρὸν
420 1417 560 1507 ούθένα,
592 1416 656 1489 κάν
688 1419 725 1490 τὸ
759 1420 929 1508 σωμάτιον
961 1418 1068 1491 αύτού
1106 1450 1153 1504 τις

136 1526 278 1615 πατάξῃ,
312 1523 376 1596 κάν
403 1525 555 1615 τούνομα
581 1530 751 1616 περιέλκη,
778 1523 843 1596 κάν
875 1531 1069 1618 λοιδορῆται
1098 1529 1153 1598 καὶ

136 1637 332 1724 βλασφημῇ,
366 1634 452 1729 διότι
484 1630 522 1703 τὸ
559 1634 620 1722 μὲν
652 1637 711 1722 της
747 1638 871 1722 ἔχθρας
906 1640 1034 1722 γίνεται
1070 1633 1153 1724 πρὸς

137 1735 331 1828 ἀντίπαλον,
358 1738 396 1810 τὸ
425 1741 462 1810 δέ
489 1737 697 1830 ύπερβαίνον
723 1738 786 1828 την
803 1739 887 1828 πρὸς
914 1742 1028 1831 ἕτερον
1057 1739 1151 1830 άμιλ-
1164 1750 1184 1808 ιι

84 1853 204 1918 κιὸλαν
241 1843 358 1939 εύνοίη
398 1851 560 1936 τιμάσθαι
601 1856 703 1934 φιλεῖ·
744 1844 809 1915 κάν
849 1873 899 1928 τις
936 1848 1053 1936 ἑτέρως
1096 1855 1152 1937 ἔχη

136 1951 221 2042 πρὸς
249 1950 363 2041 αὐτόν,
391 1954 544 2043 καθάπερ
573 1951 666 2042 οἶμαι
684 1954 802 2023 πολλοὶ
829 1950 1011 2042 πρὸςτούς
1038 1953 1151 2040 θεοὺς,

138 2061 252 2152 ἐκείνω
285 2060 346 2148 μὲν
379 2058 441 2131 ούκ
473 2066 564 2129 ἔστιν
595 2059 731 2150 ἐχθρός,
770 2055 850 2129 οὐδὲ
883 2057 946 2149 γάρ
979 2061 1152 2151 βλαβερός,

136 2163 238 2247 αύτὸς
266 2166 303 2235 δὲ
336 2164 426 2259 αύτῷ
459 2167 650 2257 βαρύτατον
682 2167 810 2247 ἐπιθείς
840 2172 965 2254 τίμημα
995 2164 1059 2254 τὴν
1091 2169 1153 2236 τού

136 2278 325 2360 κρείττονος
352 2271 494 2360 ἀμνοιαν
521 2279 642 2360 ἔρημος
669 2278 813 2342 λείπεται
836 2275 894 2360 τῆς
914 2274 1043 2342 ἐκείνου
1071 2299 1151 2360 προ·
1165 2299 1188 2338 ιο

138 2384 283 2458 στασίας.

215 2480 299 2552 Ἀλλ’
330 2489 362 2552 εί
386 2483 448 2572 μὲν
479 2486 545 2552 νύν
572 2511 628 2572 μοι
660 2484 839 2573 προύκειτο
871 2484 946 2572 περὶ
972 2488 1152 2572 Κυνισμού

137 2588 291 2677 γράφειν,
319 2586 414 2659 εἷπον
442 2586 485 2660 ἀν
513 2587 596 2680 ὑπὲρ
624 2590 753 2659 τούτων
781 2595 829 2659 ἔτι
856 2588 897 2658 τά
924 2589 1153 2679 παριστάμενά

96 2715 195 2782 Βμοι
227 2699 295 2764 τῶν
323 2698 506 2786 εἰρημένων
534 2707 614 2779 ἴσως
645 2693 708 2766 ούκ
741 2695 876 2765 ἐλάττω·
908 2698 973 2764 νύν
1006 2696 1044 2764 δὲ
1071 2694 1153 2765 ἀπο-

137 2801 289 2884 διδόντες
320 2801 357 2871 τὸ
392 2804 527 2892 συνεχές
558 2806 598 2892 τῇ
629 2803 821 2891 προαιρέσει
852 2803 927 2890 περὶ
959 2805 1020 2870 τού
1052 2828 1152 2872 ποτα·
1166 2827 1189 2868 25

136 2907 221 2990 πούς
247 2907 334 2978 εἶναι
353 2908 414 3001 χρη
433 2909 512 2991 τοὺς
530 2909 777 2996 πλαττομένους
795 2911 863 2977 τῶν
891 2907 1014 2997 μύθων
1033 2911 1153 2997 ἐφεξῆς

205 3163 220 3211 6
240 3153 349 3241 ἔξεστιν
366 3160 402 3229 V]
423 3157 514 3225 ἔξεστι
583 3163 599 3212 9
616 3158 775 3221 παίσαντες
786 3164 848 3242 pet.
920 3162 952 3212 10
970 3122 1155 3239 μετριώτεροι

137 3227 175 3293 Η]
195 3225 382 3296 μετριώτατοι
468 3232 498 3280 11
523 3221 706 3281 ἀπελθουοιν
723 3226 756 3295 V]
777 3221 940 3280 ἀπελθοῦσι
1029 3230 1060 3278 17
1084 3220 1155 3285 τούς

138 3312 189 3347 om.
208 3304 265 3363 pet
337 3301 369 3349 19
391 3296 486 3348 Malim
507 3290 651 3355 ἐπιτιθεὶς
720 3298 753 3348 20
778 3295 908 3348 λείπεται
926 3311 977 3346 om.
996 3300 1051 3361 pet.
1120 3296 1154 3345 25

137 3449 174 3510 τη
157 3362 403 3509 πρύύιιρέσει
372 3450 405 3485 το
396 3381 524 3497 ’ἓσύνεχ
512 3426 540 3492 ές
558 3433 583 3482 V
604 3431 608 3496 Ι
631 3423 781 3491 ποταμούς
800 3429 877 3498 Oob]
898 3426 1050 3490 ποδαπούς
1119 3432 1153 3481 26

137 3500 193 3548 τῶν
211 3491 316 3564 μύθων
334 3503 362 3552 H
379 3505 406 3551 et
425 3498 504 3565 Cob.]
524 3494 575 3551 τὸν
594 3498 692 3565 μῦθον
