2408 3856
129 160 168 223 18
428 161 573 211 IULIANI
590 159 838 212 IMPERATORIS

129 285 285 378 εὐπορεῖν
313 285 370 356 διὰ
387 289 455 355 τόν
482 286 598 355 πόνων
624 288 692 354 τῶν
710 296 794 375 προς
820 283 882 372 τὴν
899 289 1015 375 χρείαν
1039 283 1143 373 άναγ-

89 399 250 480 ηκαίων,
282 391 320 462 τὸ
348 395 435 483 δράν
462 418 494 460 τι
522 395 590 460 τῶν
617 392 813 460 δοκούντων
841 394 988 481 αἰσχρῶν
1017 389 1144 478 άπαγο-

129 501 290 590 ρεύοντες.
335 497 373 568 τὸ
402 498 439 567 δὲ
466 489 524 584 ἦν,
553 496 595 566 οὐ
622 495 684 585 τὴν
716 500 900 584 ἐπιθυμίαν
927 499 1050 578 ἐξελεῖν
1077 502 1146 567 τῶν

129 609 226 694 νέων,
254 603 336 675 άλλδι
363 602 400 673 τὸ
429 613 549 673 λαθεῖν
566 606 748 693 πειρᾶσθαι
777 606 900 694 ίδρῶτα
919 604 1145 694 προστάττειν.

128 716 257 800 πέφυκε
285 709 348 801 γὰρ
368 707 410 780 οὐ
437 708 549 800 τρυφὴ
572 711 680 798 μόνον
706 702 792 798 ἦθος
820 715 1042 798 διαφθείρειν,
1062 707 1172 780 άλλόιτ
1191 697 1200 797 ‚⁷

129 821 184 888 καὶ
212 815 232 906 ἡ
260 819 329 886 τάν
356 814 549 903 άναγκαίων
577 815 693 903 ἐνδεὴς
725 821 850 902 δίαιτα,
883 812 937 902 ἐφ’
969 807 1018 884 ὦν
1051 815 1144 886 ούπω
1193 825 1198 831 ”

129 924 166 993 τὸ
200 929 328 1014 κρίνειν
361 919 379 992 ό
412 923 510 1009 λόγος
541 920 743 1013 προσλαβὼν
775 924 885 990 ἕπεται
916 936 989 1002 ταῖς
1020 928 1147 1012 χρείαις
1194 977 1200 1018 3

129 1027 194 1099 ὑπὸ
223 1032 280 1118 τῆς
313 1032 492 1117 ἐπιθυμίας
524 1026 805 1116 ἀναπειθόμενος,
837 1024 945 1108 άλλως
971 1054 1007 1096 τε
1033 1033 1065 1096 εί
1091 1030 1147 1098 καὶ

86 1136 253 1209 Ιῖτούτου
286 1134 329 1224 μὴ
362 1140 500 1225 κρατοίη
528 1137 590 1204 τοῦ
620 1134 769 1219 πάθους,
801 1131 886 1223 πρὸς
916 1132 1146 1224 χρηματισμόν

131 1247 167 1312 ἐκ
185 1246 318 1311 παίδων
336 1239 593 1328 συνεθιζόμενος
612 1246 670 1308 καί
693 1266 786 1320 τινας
806 1237 948 1327 άμοιβάς
975 1242 1145 1329 ἐμποριῶν
1159 1252 1200 1306 ιο

130 1350 186 1417 καὶ
218 1350 398 1434 καπηλείας
433 1343 491 1426 τάς
523 1345 584 1433 μὲν
616 1343 718 1426 αὐτὸς
750 1341 861 1436 εὑρὼν
896 1344 955 1426 τὰς
988 1344 1025 1414 δὲ
1056 1343 1147 1436 παρὰ
1196 1390 1199 1392 >

130 1456 199 1522 τάν
226 1452 365 1522 εἰδότων
392 1450 524 1540 μαθάν,
551 1447 635 1542 ὑπὲρ
660 1443 708 1520 οἷν
731 1448 774 1520 οὐ
796 1452 904 1537 λέγειν
931 1451 1048 1539 μόνον,
1077 1449 1144 1520 ἀλλ’

77 1635 80 1640 ,
132 1556 212 1629 οὐδὲ
250 1555 387 1627 ἀκούειν
428 1555 523 1639 άξιον
560 1558 725 1648 ἐλευθέρῳ
762 1562 872 1644 παιδί,
912 1563 1067 1638 πλείστας
1104 1554 1148 1627 άν

131 1670 268 1753 κηλῖδας
306 1662 506 1734 ἐναπόθοιτο
544 1666 584 1751 τῇ
620 1666 726 1752 ψυχῇ,
764 1655 812 1732 τόν
843 1666 961 1733 πασῶν
992 1662 1148 1754 καθαρὸν

132 1770 219 1840 εἶναι
245 1769 307 1861 χρὴ
334 1772 391 1840 καὶ
417 1769 478 1839 τὸν
505 1772 629 1857 ἐπιεικῆ
653 1774 802 1857 πολίτην,
829 1766 897 1838 ἀλλ’
928 1766 970 1838 οὐ
997 1768 1058 1838 τόν
1087 1777 1146 1857 βα-
1162 1793 1187 1836 ιτ

133 1879 225 1946 σιλέα
255 1878 312 1946 καὶ
345 1874 533 1967 στρατηγὸν
563 1876 678 1963 μόνον.
724 1876 796 1964 ἐμοὶ
830 1874 867 1943 δὲ
899 1872 962 1944 οὐκ
996 1878 1148 1964 ἐπιτιμᾶν

80 2008 113 2056 16
134 1985 186 2054 ἐπὶ
213 1986 276 2052 τοῦ
302 1983 469 2075 παρόντος
492 1985 632 2064 ἐκείνοις
650 1981 822 2073 προσήκει·
851 1982 948 2062 δείξω
977 1980 1014 2050 δὲ
1041 1982 1150 2069 μόνον

132 2094 190 2179 τῆς
218 2093 401 2180 διατροφῆς
419 2087 456 2158 τὸ
486 2090 661 2179 διαφέρον,
689 2080 935 2178 ᾗχρησάμενος
961 2087 1073 2157 κάλλει
1092 2089 1148 2157 καὶ

134 2196 227 2285 δάμη
255 2197 311 2265 καὶ
335 2194 534 2282 δικαιοσύνη
561 2195 617 2263 καὶ
641 2193 846 2282 σωφροσύνη
875 2192 1062 2282 διήνεγκας,
1091 2192 1149 2264 διά

133 2300 195 2391 μὲν
221 2302 289 2367 τῶν
320 2300 436 2368 πόνων
462 2297 524 2386 την
557 2296 687 2379 εὐεξίαν
718 2299 991 2389 περιβαλόμενος,
1024 2298 1082 2368 διά
1110 2300 1148 2369 δὲ
1162 2326 1188 2366 νο

134 2409 202 2473 τῶν
229 2405 344 2496 νόμων
370 2402 432 2492 τὴν
461 2404 688 2492 σωφροσύνην
706 2405 919 2493 κτησάμενος,
947 2407 1003 2474 καὶ
1022 2409 1068 2496 τῷ
1087 2405 1149 2494 μὲν

135 2510 261 2600 σάματι
289 2512 531 2602 ρωμαλεωτέρςο
560 2509 616 2579 διὰ
635 2510 696 2599 τὴν
724 2511 918 2602 ἐγκράτειαν
944 2514 1002 2598 τῆς
1029 2516 1148 2600 ψυχῆς,

134 2621 173 2707 τῇ
201 2621 292 2706 ψυχῇ
319 2614 350 2686 δ’
382 2608 426 2685 αὖ
454 2615 511 2685 διὰ
538 2615 600 2705 τὴν
626 2621 688 2687 τοῦ
716 2617 865 2706 σώματος
892 2622 1070 2706 καρτερίαν
1099 2623 1148 2687 δι-

134 2724 288 2814 καιοτέρηι
316 2722 493 2813 χράμενος,
520 2722 562 2792 τά
580 2723 641 2811 μὲν
669 2724 857 2811 ἐκφύσεως
879 2720 993 2809 άγαθά
1021 2725 1149 2793 συναύ-

135 2832 201 2910 ξων
229 2832 264 2898 ἐκ
291 2830 428 2917 παντός,
460 2828 502 2898 τά
530 2829 567 2898 δὲ
600 2845 671 2912 ταῖς
704 2833 900 2918 ἐπιμελείαις
933 2831 1061 2910 ἐξωθεν
1094 2827 1146 2898 ἀεὶ
1159 2855 1184 2896 ιτ

93 2953 117 3006 Β
135 2936 415 3026 προσλαμβάνων·
444 2938 499 3005 καὶ
518 2936 713 3023 ἐνδεόμενος
735 2934 796 3024 μὲν
816 2932 966 3022 οὐδενός,
995 2938 1149 3025 ἐπαρκῶν

136 3040 167 3112 δ’
198 3040 309 3124 άλλοις
335 3043 391 3111 καί
419 3040 631 3133 χαριζόμενος
662 3043 806 3130 μεγάλας
833 3039 960 3132 δωρεάς
986 3043 1043 3110 καὶ
1072 3039 1150 3111 ὅσαι

201 3199 218 3245 4
236 3194 289 3246 τοῦ
305 3195 412 3248 λαθεῖν
430 3195 542 3246 Sehaef.
603 3186 669 3245 ῖτό
687 3181 764 3260 ἦθος
783 3194 892 3246 Schaef.
953 3196 985 3244 10
1004 3186 1149 3261 ἐμποριιόν

135 3259 215 3326 Rsk.]
235 3254 365 3327 ἐμπόρων
434 3265 465 3313 12
483 3253 646 3339 μανθάνων
662 3262 695 3338 λζ
758 3263 790 3312 14
811 3261 936 3328 κηλῖδας
954 3260 1078 3341 Schaeffl
1097 3279 1149 3328 κη-

136 3327 220 3387 λίδας
293 3332 325 3407 181
352 3328 514 3396 διατροφης
541 3328 575 3396 V]
604 3344 714 3407 τροφης
740 3327 744 3394 Ι
772 3326 916 3397 διαφέρον
942 3326 978 3410 V]
1005 3328 1150 3394 διάφορον

135 3399 169 3446 20
185 3394 412 3477 περιβαλόμενος
430 3396 507 3463 Roln]
525 3395 767 3462 περιβαλλόμενος
836 3401 867 3448 21
886 3395 1076 3476 κτησάμενος]
1096 3414 1149 3449 κα·

14 3428 18 3435 “
89 3502 92 3512 ,
136 3476 349 3543 ταχρηταμενος
371 3465 396 3516 V
428 3527 435 3546 '
469 3467 502 3518 23
526 3452 576 3530 αὖ]
600 3451 691 3545 αόθις
712 3464 742 3513 Μ
768 3533 774 3546 .
810 3468 844 3516 24
866 3479 980 3531 φυσεως
1001 3464 1078 3584 VMI
1097 3462 1149 3528 τῆς

134 3544 250 3594 φυσεως
301 3523 725 3599 26ἐνδεομενοςΗ]δεομενος.
748 3532 941 3584 v1d.a‹11251)
993 3530 1063 3583 276
1090 3534 1149 3584 VM
