2446 3870
500 151 634 203 οοετιο
652 152 699 205 1v.
1043 151 1105 217 189

82 275 219 364 Ἥλιον,
261 274 315 365 ἐφ’
351 274 433 346 ὅσον
469 272 550 367 ἡμῖν
586 271 661 347 οἷόν
692 305 726 347 τε
758 270 802 367 ἦν
838 280 1015 366 ἐφικέσθαι
1046 284 1104 368 τῆς

90 385 168 473 περὶ
186 380 292 453 αὐτὸν
315 380 482 471 εὐφημίας
501 383 711 471 σπεύδοντες,
738 384 993 472 διεληλύθαμεν.
1034 389 1104 456 ἐπεὶ
1124 401 1150 456 Ι)

93 489 131 559 δέ
158 486 300 578 ὄμματα,
328 495 445 577 φησίν,
473 486 575 577 ἀκοῆς
602 493 671 558 ἐστι
698 491 885 581 πιστότερα,
912 498 1020 560 καίτοι
1047 495 1106 579 τῆς

91 596 240 684 νοήσεως
272 593 354 665 ὄντα
382 623 419 682 γε
446 593 643 686 ἀπιστότερα
675 598 732 665 καὶ
759 593 997 687 ἀσθενέστερα,
1025 600 1105 685 φέρε

63 704 148 775 sual
180 704 256 791 περὶ
288 704 347 789 τῆς
378 704 551 789 ἐμφανοῦς
581 699 689 771 αὑτοῦ
719 708 939 791 δημιουργίας
970 703 1104 791 αἰτησό-

92 835 187 897 μενοι
213 805 292 896 παρ’
324 805 431 877 αὐτοῦ
457 807 495 877 τό
523 814 662 898 μετρίως
689 814 795 878 εἰπεῖν
821 812 1042 898 πειραθῶμεν.

170 910 306 1001 ’Ίπέστη
339 913 400 1001 μὲν
432 906 497 983 οὖν
532 915 607 1004 περὶ
644 911 749 984 αὑτὸν
786 911 804 983 ὁ
836 914 1040 1002 φαινόμενος
1072 917 1104 996 ἐξ

93 1023 218 1101 αίωνος
249 1020 388 1109 κόσμος,
420 1023 523 1110 ἕδραν
555 1019 592 1088 δὲ
625 1026 690 1107 ἔχει
721 1018 758 1089 τὸ
786 1020 1002 1110 περικόσμιον
1033 1024 1106 1108 φῶς

92 1129 127 1207 ἐξ
155 1129 294 1213 αίοῖνος,
326 1123 402 1214 οὐχὶ
428 1129 495 1195 νόν
522 1128 597 1215 μέν,
625 1125 700 1195 τότε
727 1126 764 1195 δέ
792 1124 849 1213 οὔ,
882 1122 963 1195 οὐδὲ
990 1125 1106 1195 όίλλοτε

52 1264 79 1304 10
93 1229 215 1318 ἄλλως,
252 1230 303 1302 ἀεὶ
335 1232 373 1300 δέ
409 1227 575 1314 ὡσαύτως.
625 1229 696 1302 ἀλλ’
731 1242 765 1301 εί
796 1260 847 1314 τις
882 1232 1008 1319 ταύτην
1043 1231 1105 1320 τὴν

1 1415 2 1419 ¹
84 1337 270 1408 Δθιαιοόνιον
301 1339 408 1426 φύσιν
440 1335 534 1426 ἄχρις
565 1341 714 1420 ἐπινοίας
746 1339 914 1428 ἐθελήσειε
944 1342 1107 1429 χρονικως

0 1463 2 1506 J
92 1447 314 1531 κατανοῆσαι,
344 1443 406 1513 τὸν
437 1446 576 1532 βασιλέα
606 1448 675 1513 τῶν
702 1442 791 1514 ὅλων
814 1443 934 1514 Ἥλιον
965 1443 1159 1534 όθρόωςίεο

93 1549 363 1636 καταλόμποντα,
395 1553 501 1642 ῥᾷστα
533 1547 576 1619 όν
608 1557 721 1638 γνοίη,
752 1552 869 1621 πόσων
901 1553 1006 1633 αίτιός
1038 1554 1107 1620 ἐστι

1 1629 7 1706 ἐ
96 1650 144 1721 δι’
180 1657 301 1736 αίῶνος
332 1654 474 1744 ιἰγαθοὸν
505 1659 551 1750 τῷ
583 1656 705 1749 κόσμῳ.
751 1655 828 1727 οἶδα
860 1656 922 1745 μὲν
954 1649 1019 1727 οὖν
1050 1658 1106 1725 καὶ

1 1762 4 1794 ³
51 1790 80 1832 15
94 1760 262 1830 Πλάτωνα
296 1760 357 1832 τὸν
392 1764 497 1850 μέγαν
527 1764 584 1832 καὶ
620 1761 700 1851 μετὰ
735 1767 857 1834 τοῦτον
893 1760 1002 1854 ἄνδρα
1037 1777 1108 1844 τοῖς

93 1867 240 1957 χρόνοις,
268 1866 343 1937 οότι
361 1867 428 1957 μην
445 1872 486 1958 τῇ
513 1868 614 1956 φύσει
641 1872 910 1958 καταδεέστερον·
938 1867 1000 1938 τόν
1019 1877 1106 1938 Χαλ-

93 1976 189 2043 κιὸἐα
217 1981 315 2062 φημί,
341 1972 403 2043 τὸν
428 1972 627 2063 Ἰάμβλιχον·
656 1974 693 2057 ὃς
710 1971 797 2064 ἡμᾶς
818 1975 858 2043 τό
877 2003 911 2043 τε
930 1973 1013 2043 ἄλλα
1031 1976 1107 2062 περὶ

5 2101 16 2133 ῑ
63 2173 66 2178 ¹
92 2077 156 2167 την
184 2086 392 2168 φιλοσοφίαν
423 2082 480 2149 καὶ
512 2073 568 2170 δη
585 2082 642 2150 καὶ
673 2085 778 2150 ταῦτα
810 2079 867 2150 διὰ
897 2070 978 2149 τῶν
998 2079 1107 2167 λόγων

93 2185 251 2274 έμόησεν,
270 2184 365 2276 ἅχρις
381 2182 576 2269 ὑποθέσεως
596 2190 643 2278 τῷ
662 2191 811 2280 γεννητῷ
828 2188 1107 2276 προσχρωμένους

51 2323 79 2362 εο
93 2293 151 2361 καὶ
179 2293 284 2361 οίονεὶ
311 2293 472 2382 χρονικήν
489 2320 565 2362 τινα
587 2292 650 2384 τὴν
667 2299 804 2383 ποίησιν
831 2290 1107 2380 ὑποτιθεμένους,

93 2402 152 2466 ἵνα
183 2395 221 2467 τὸ
254 2398 396 2486 μέγεθος
427 2401 495 2468 τῶν
525 2398 606 2490 παρ’
641 2397 747 2470 αὑτοῦ
778 2403 966 2489 γινομένων
997 2406 1142 2490 ε”ργωνΒ

93 2506 301 2593 ἐπινοηθείη.
350 2501 438 2592 πλὴν
469 2502 541 2574 ἀλλ’
576 2513 688 2595 ἔμοιγε
717 2510 776 2596 τῆς
809 2511 946 2576 ἐκείνων
977 2503 1106 2575 ἀπολει-

94 2611 230 2702 πομένῳ
258 2610 448 2680 παντάπασι
475 2612 650 2701 δυνάμεως
678 2606 835 2702 οὐδαμῶς
853 2616 921 2682 ἐστι
947 2610 1121 2702 παρακιν-’

96 2719 295 2801 θννευτέον,
328 2718 458 2806 ἐπείπερ
491 2715 677 2789 ἀκίνδυνον
714 2716 795 2789 οὐδὲ
828 2716 910 2789 αὐτὸ
943 2718 981 2789 τὸ
1014 2721 1108 2809 μέχρι

53 2849 82 2891 ιε
94 2825 195 2910 ψιλῆς
230 2818 423 2904 ὑποθέσεως
458 2825 618 2914 χρονικήν
653 2852 729 2895 τινα
766 2827 840 2916 περὶ
880 2823 941 2895 τὸν
981 2825 1109 2911 κόσμον

96 2923 291 2998 ὑποθέσθαι
326 2935 464 3017 ποίησιν
497 2927 514 3000 ὁ
546 2930 677 3012 κλεινὸς
711 2930 801 3023 ἥρως
837 2931 990 3019 ἐνόμισεν
1024 2927 1107 3016 Ἰάμ-

96 3041 218 3121 βλιχος.
262 3033 350 3124 πλὴν
378 3032 450 3105 ἀλλ’
480 3039 611 3128 ἐπείπερ
639 3034 656 3107 ὁ
685 3037 766 3120 θεὸς
793 3040 826 3120 ἐξ
859 3043 1000 3105 αίωνίου
1027 3060 1108 3123 προ-

96 3142 203 3227 ἦλθεν
231 3146 349 3228 αίτίας,
376 3145 503 3229 μᾶλλον
530 3144 567 3213 δέ
595 3144 764 3232 προήγαγε
781 3143 890 3212 πάντα
914 3143 947 3222 ἐξ
975 3144 1108 3226 αἰῶνος,

165 3315 181 3362 3
204 3308 296 3377 φησὶν
314 3309 389 3380 libri]
409 3311 500 3378 φασίν
587 3317 672 3366 'lats
695 3307 725 3378 ἐξ
744 3309 850 3372 αιόἶνος
867 3304 972 3378 κόσμος
990 3311 1023 3378 V]
1044 3307 1108 3363 κόσ-

97 3393 150 3441 μος
172 3371 203 3442 ἐξ
227 3375 332 3438 αίῶνος
419 3383 451 3431 12
478 3376 608 3449 βασιλέα]
631 3376 685 3448 μὲν
706 3381 851 3433 MbEFG
937 3382 967 3430 16
995 3373 1109 3446 χρόνοις

96 3442 171 3510 libri]
194 3439 308 3526 χρόνοις
325 3441 379 3513 μέν
411 3447 415 3514 Ι
448 3446 483 3517 τῇ
501 3444 588 3516 φύσει
604 3447 680 3516 libri]
705 3440 791 3515 φόσει
877 3450 911 3500 24
934 3439 1049 3515 ἐπείπερ
1068 3445 1106 3516 Η]

99 3511 203 3578 είπερΙ
228 3509 310 3579 αὐτο]
329 3507 407 3568 αὑτῶ
424 3517 449 3566 V
517 3520 551 3568 27
568 3516 724 3584 παρῆλθεν.
741 3516 805 3566 libri
885 3557 887 3561 .
