2436 3870
224 144 406 196 εειεσοιε
423 146 472 196 ει)
492 145 520 201 ε,
540 146 569 196 P.
588 146 620 207 ο,
638 146 907 198 ATHENIENSEM.
1022 145 1084 210 367
1108 122 1111 135 '

68 271 232 362 χρήματα,
260 275 360 340 δυοῖν
386 270 534 361 θάτερον
560 275 823 361 προσδοκῶντες,
849 268 870 362 ή
895 273 1086 363 διαστήσειν

69 375 236 466 ἀλλήλους
263 373 283 466 ἢ
312 378 368 446 καί
395 377 608 446 παντάπασιν
635 379 815 449 ἐπιθέσθαι
837 405 895 467 μοι
921 383 1084 468 φανερῶς.
1102 399 1129 453 Β

69 481 275 572 αἰσθόμενός
305 510 354 564 τις
386 486 454 552 τῶν
485 486 749 573 ἐπιτεταγμένων
779 488 819 574 τῇ
856 483 991 577 προόδφ
1027 488 1085 573 τής

69 593 149 679 ε’μής
190 592 332 677 γαμετῆς
368 588 479 679 λάθρᾳ
520 590 749 679 πραττόμενον
786 586 868 660 αὐτὸ
911 591 983 678 ἐμοὶ
1023 589 1085 679 μέν

39 699 202 786 επρῶτον
231 694 407 784 ἐμήνυσεν,
435 691 479 776 ῶς
506 695 544 764 δὲ
563 695 654 785 ἕῶρα
677 695 840 784 μεμήδέν
867 697 1084 785 προσέχοντα,

67 800 335 891 παραφρονήσας
372 797 482 889 ῶσπερ
516 805 555 870 οί
591 801 772 890 θεόληπτοι
813 808 959 893 δημοσίᾳ
998 805 1086 890 βοάν
1158 860 1159 864 ,

69 1017 158 1097 ξένοι
194 1014 254 1083 καλ
291 1022 440 1098 πολῖται,
477 1011 521 1102 μή
562 1016 713 1103 προδῶτε
748 1011 810 1084 τὸν
846 1011 1085 1103 αὐτοκράτορα.

68 1120 139 1190 εἶτα
167 1123 316 1207 ἐμπίπτει
334 1113 445 1207 θυμὸς
469 1123 517 1200 είς
533 1117 614 1200 τοὺς
641 1119 853 1209 στρατιώτας,
881 1122 938 1189 καὶ
965 1121 1086 1201 πάντες

27 1257 53 1296 10
69 1232 118 1308 είς
144 1223 184 1294 τά
211 1233 362 1313 βασίλεια
389 1221 469 1312 μετά
496 1228 564 1294 τῶν
591 1223 704 1296 ὅπλων
732 1232 841 1321 ἔθεον.
877 1225 1125 1315 καταλαβόν-(ῐ

69 1359 123 1415 τες
155 1333 196 1400 δέ
224 1358 264 1420 με
302 1333 406 1413 ζῶντα
443 1332 499 1400 καί
531 1334 686 1421 χαρέντες
723 1330 834 1423 ῶσπερ
871 1336 906 1402 οί
934 1330 1014 1415 τοὺς
1051 1334 1086 1414 ἐξ

70 1436 277 1508 ἀνελπίστων
310 1432 480 1524 ὀφθέντας
512 1445 633 1524 φίλους
669 1436 768 1521 ἄλλος
800 1437 946 1509 άλλοθεν
977 1440 1086 1528 περιέ·

69 1552 196 1632 βαλλον
229 1544 285 1613 καὶ
312 1543 527 1632 περιέπλεκον
559 1546 615 1613 καί
643 1546 696 1614 ἐπὶ
727 1548 795 1614 τῶν
824 1543 924 1632 ῶμων
951 1550 1086 1633 ἔφερον,
1198 1567 1201 1569 ’

69 1652 127 1720 καὶ
154 1641 198 1737 ήν
224 1676 295 1730 πως
320 1646 358 1718 τὸ
377 1651 512 1737 πρᾶγμα
530 1650 613 1731 θέας
631 1647 737 1737 άξιον,
764 1653 1001 1742 ἐυθουσιασμῷ
1021 1648 1084 1739 γάρ

28 1785 55 1828 15
71 1755 176 1850 ἐφ’κει.
221 1750 266 1837 ῶς
303 1756 343 1824 δέ
376 1781 416 1843 με
453 1750 687 1843 ἁπανταχόθεν
724 1757 914 1848 περιέσχον,
947 1755 1085 1844 έξήτονν

72 1861 221 1943 ἅπαντας
238 1858 322 1930 τούν
340 1866 579 1931 Κωνσταντίου
598 1866 719 1950 φίλους
737 1863 790 1931 ἐπὶ
808 1867 957 1952 τιμωρία.
989 1868 1085 1949 πηλί-

71 1996 134 2038 κον
165 1965 382 2056 ἠγωνισάμην
414 1963 530 2054 άγῶνα
566 1970 672 2036 σῶσαι
709 1969 913 2057 βουλόμενος
950 1964 1085 2054 αὐτούς,
1102 1985 1129 2041 D

71 2078 187 2144 ἴσασιν
215 2078 250 2143 οί
274 2075 350 2144 θεοὶ
376 2072 506 2154 πάντες.
543 2070 626 2142 άλλά
653 2072 695 2161 δή
718 2073 759 2143 τά
786 2071 867 2162 μετά
893 2077 992 2142 τοῦτο
1016 2077 1086 2164 πῶς

71 2179 156 2269 πρὸς
182 2177 243 2249 τὸν
260 2179 498 2248 Κωνστάντιον
526 2180 767 2268 διεπραξάμην;
796 2177 889 2250 οὔπω
912 2181 967 2250 καὶ
990 2179 1085 2268 τήμε-

31 2315 58 2355 εο
72 2313 135 2375 ρον
164 2285 230 2375 (ἐν)
258 2299 330 2366 ταῖς
347 2283 429 2374 πρὸς
449 2281 554 2354 αὐτὸν
582 2288 769 2367 ἐπιστολαῖς
795 2289 836 2375 τῇ
865 2292 1005 2376 δοθείσχ
1028 2313 1086 2375 μοι

51 2389 163 2481 4παρδι
203 2394 271 2459 τῶν
312 2393 404 2461 θεῶν
445 2393 618 2484 ἐπωνυμίμ
658 2394 832 2482 κέχρημαι,
868 2398 1011 2483 καίσαρα
1049 2392 1086 2462 δέ

73 2494 220 2587 ἐμαυτὸν
247 2498 410 2586 γέγραφα,
437 2498 493 2566 καί
517 2499 657 2567 πέπεικα
673 2498 755 2581 τοὺς
782 2498 983 2589 στρατιῶτας
1007 2495 1085 2586 ὀμό-

73 2625 130 2677 σαι
157 2629 216 2691 μοι
243 2601 386 2691 μηδενὸς
413 2603 645 2692 ἐπιθυμήσειν,
674 2613 764 2693 είπερ
782 2600 863 2692 ήμίν
882 2607 1086 2694 ἐπιτρέψειεν

73 2706 180 2790 άδεῶς
207 2714 313 2777 οἰκεῖν
338 2707 397 2790 τὰς
421 2714 573 2795 Γαλλίας,
600 2724 671 2791 τοῖς
697 2712 941 2799 πεπραγμένοις
967 2713 1086 2795 συναι-

34 2841 59 2882 εε
72 2817 181 2895 νέσας.
231 2811 361 2883 ἅπαντα
392 2812 434 2882 τά
465 2811 542 2903 παρ’
577 2817 650 2903 ἐμοὶ
681 2815 830 2903 τάγματα
865 2814 949 2904 πρὸς
976 2813 1138 2887 αὐτὸνκεο

73 2927 219 3008 ἔπεμψεν
247 2920 437 3005 ἐπιστολάς,
468 2920 657 2990 ἱκετεύοντα
683 2923 759 3011 περὶ
790 2922 849 3008 τῆς
875 2919 960 3010 πρὸς
987 2917 1085 3009 άλλή-
1138 2937 1140 2943 ’

72 3035 154 3108 λους
190 3022 271 3115 ἡμῖν
308 3021 474 3114 ὁμονοίας.
520 3022 538 3094 ὁ
571 3025 609 3096 δδ
651 3023 725 3097 άντὶ
761 3024 891 3097 τούτων
928 3028 1086 3113 ἐπέβαλεν
1120 3053 1122 3065 ·
1175 3060 1177 3065 ·

72 3127 154 3221 ἡμῖν
180 3129 262 3214 τοὺς
280 3132 483 3222 βαρβάρους,
511 3131 636 3222 ἐχθρὸν
660 3133 698 3201 δέ
715 3129 923 3221 άνηγόρενσέ
938 3158 978 3220 με
1004 3128 1083 3222 παρ’

141 3366 270 3440 ὁμηδὲν
288 3369 325 3437 Η]
340 3366 440 3454 μηθὲν
496 3371 658 3437 8προδῶτε
677 3371 756 3439 ssoh]
774 3367 900 3437 πράδοτε
957 3375 988 3422 12
1005 3387 1086 3439 περι·

73 3438 196 3504 ἔβαλλον
214 3437 247 3506 V]
266 3437 436 3506 περιεβάλον
512 3443 544 3491 14
561 3457 621 3499 πως
640 3437 718 3504 cob.]
738 3439 806 3501 ἴσως
874 3444 907 3492 20
929 3433 960 3492 έν
979 3439 1039 3491 εδδ.
1058 3441 1086 3492 Η

73 3510 107 3558 22
125 3505 260 3574 γέγραφα
278 3507 315 3572 Η]
335 3503 449 3574 ἔγραψα
517 3511 551 3558 24
569 3502 742 3567 ουναινέσας
759 3506 831 3572 Pon]
849 3503 1017 3561 συναινέσαι
