2414 3862
119 153 185 219 556
422 150 566 203 IULIANI
584 147 836 201 IMPERATORIS

81 334 108 374 ει
296 301 359 371 να’.
396 299 615 380 Ἰουλιανὸς
634 297 972 400 Ἀλεξανδρεῦσιν.

57 415 103 502 'D
212 431 257 495 Εἰ
278 427 340 514 μέν
361 452 412 505 τις
434 430 502 494 τῶν
524 424 636 494 ἀλλων
658 417 703 511 ἦν
723 422 821 512 ὑμῶν
843 425 1001 512 οἰκιστής,
1018 429 1067 524 ,οἳ
1087 421 1149 491 τὸν

123 535 253 603 ἑαυτῶν
279 530 487 618 παραβάντες
516 532 624 624 νόμον
651 529 812 599 ἀπέτισαν
839 530 960 610 ὁποίας
987 523 1034 617 ἦν
1057 528 1150 608 εἰκὸς

124 646 233 725 δίκας,
262 635 414 724 έλόμενοι
436 638 499 724 μὲν
522 641 582 725 ζῆν
602 626 820 725 παρανόμως,
848 637 1088 725 εἰσαγαγόντες
1112 636 1150 703 δὲ

123 746 278 835 κήρυγμα
309 745 365 812 καί
397 749 617 812 διδασκαλίαν
646 743 789 831 νεαράν,
820 743 925 830 λόγον
953 740 1027 833 (ἂν)
1058 741 1171 830 εἰχενι

125 849 200 921 οὐδ’
230 847 276 930 ἀς
299 850 505 920 Ἀθανάσιον
528 847 590 938 ὑφ’
614 848 712 938 ὑμῶν
740 851 981 937 έπιζητείσθαι·
1006 851 1088 917 νυνὶ
1113 849 1150 917 δέ

124 964 260 1026 κτίστου
282 957 345 1045 μὲν
367 955 466 1037 ὄντος
485 954 707 1046 Ἀλεξάνδρου
728 960 787 1043 τῆς
808 955 952 1043 πόλεως,
979 954 1148 1042 ὑπάρχον-

124 1089 182 1142 τος
205 1063 242 1131 δὲ
264 1061 347 1151 ὑμῖν
369 1062 553 1150 πολιούχου
575 1067 662 1131 θεοῦ
684 1066 746 1132 τοῦ
768 1065 931 1149 βασιλέως
949 1063 1149 1149 Σαράπιδος

73 1168 263 1259 midumai
289 1172 446 1260 παρέδρῳ
468 1168 552 1258 κόρη
575 1169 632 1236 καί
653 1173 694 1258 τῇ
717 1173 866 1256 βασιλίδι
888 1172 948 1256 τῆς
970 1169 1148 1256 Αἰγύπτου

126 1270 421 1361 πύσης”έσιδι....
438 1275 502 1362 την
524 1272 745 1360 ὑγιαίνουσαν
768 1274 810 1343 ού
834 1277 1011 1361 ζηλοῦντες
1033 1275 1146 1343 πόλιν·
1159 1293 1181 1332 1⁰

127 1377 211 1448 ἀλλὰ
243 1379 280 1448 τὸ
315 1385 442 1449 νοσοῦν
473 1383 575 1468 μέρος
601 1383 811 1468 ἐπιφημίζειν
838 1381 944 1471 ἑαυτῷ
972 1386 1083 1472 τολμᾷ
1110 1383 1145 1450 τὸ

128 1489 186 1572 της
207 1485 336 1566 πόλεως
359 1486 477 1573 ὄνομα.

217 1597 306 1660 Λίαν
329 1590 530 1679 αἰσχύνομαι
553 1592 597 1679 νὴ
620 1589 699 1672 τοὺς
720 1591 835 1677 θεούς,
858 1590 979 1681 ἀνδρες
1000 1592 1158 1687 Ἀλεξαν

128 1702 233 1785 δρείς,
266 1707 300 1765 εἰ
323 1724 374 1776 τις
402 1696 488 1776 ὅλως
512 1694 757 1786 Ἀλεξανδρέων
784 1697 944 1786 ὁμολογεῖ
968 1705 1149 1780 Γαλιλαῖος

33 1841 37 1847 ·
128 1801 225 1872 εἰναι.
272 1807 342 1871 τῶν
373 1802 418 1882 ἀς
449 1801 586 1890 ἀληθοῦς
612 1801 781 1891 Ἑβραίων
813 1808 848 1873 οἰ
878 1808 1019 1892 πατέρες
1046 1805 1147 1896 Αἰγυ-
1161 1831 1183 1871 ιι

87 1932 110 1987 Β
128 1917 237 1989 πτίοις
255 1909 438 1978 ἐδούλευον
456 1908 569 1994 πύλαι,
591 1910 669 1977 νυνὶ
689 1910 727 1978 δὲ
744 1909 850 1999 ὑμεῖς,
869 1910 993 2000 ἄνδρες
1004 1909 1151 1996 Ἀλεξαν-

89 2051 115 2090 m
130 2019 231 2101 δρεῑς,
253 2020 448 2103 Αἰγυπτίων
465 2015 707 2104 κρατήσαντες·
730 2016 889 2104 έκράτησε
903 2018 967 2107 γάρ
983 2017 1002 2086 ὁ
1018 2027 1152 2110 κτίστης

129 2119 226 2209 ὑμῶν
256 2126 315 2213 της
346 2121 535 2209 Αἰγύπτου·
559 2136 643 2219 ,τοίς
673 2122 965 2211 κατωλιγωρηκόσι
993 2129 1065 2193 τῶν
1093 2153 1152 2196 πα-

128 2235 232 2316 τρίων
265 2227 442 2316 δογμάτων
474 2232 632 2296 δουλείαν
664 2227 863 2297 ἐθελούσιον
895 2229 1057 2318 ἄντικρυς
1085 2238 1153 2304 τῶν
1204 2245 1206 2249 ’

129 2339 281 2404 παλαιῶν
298 2338 437 2422 θεσμῶν
453 2330 652 2419 ὑφίστασθε.
679 2337 735 2404 καὶ
754 2331 816 2402 οῦκ
834 2337 1015 2424 εἰσέρχεται
1035 2341 1186 2429 μνήμην

129 2444 187 2526 τῆς
226 2444 369 2518 παλαιᾶς
404 2437 490 2526 ὑμᾶς
526 2441 655 2526 ἐκείνης
691 2439 927 2528 εὐδαιμονίας,
969 2440 1074 2530 ἡνίκα
1113 2439 1154 2534 ἦν

129 2551 290 2614 κοινωνία
313 2544 375 2633 μὲν
396 2543 482 2634 πρὸς
503 2545 608 2635 θεοὺς
629 2546 788 2637 Αἰγύπτῳ
811 2550 851 2636 τῇ
873 2545 981 2636 πόση,
1015 2557 1162 2632 πολλῶν,

130 2651 168 2720 δὲ
200 2651 410 2740 ἀπελαύομεν
442 2649 593 2737 ἀγαθῶν.
647 2650 720 2721 ἀλλ’
751 2657 787 2721 οἰ
816 2657 882 2720 νῦν
914 2657 1155 2743 εἰσαγαγόντες

88 2756 211 2847 ούμίν
233 2758 271 2828 τὸ
296 2752 415 2829 καινὸν
438 2751 549 2827 τοῦτο
561 2758 716 2847 κήρυγμα
738 2764 831 2849 τίνος
844 2767 950 2827 αἴτιοι
968 2760 1154 2849 γεγόνασιν

129 2862 264 2953 ἀγαθοῦ
287 2869 326 2956 τῇ
349 2865 453 2952 πόλει,
476 2862 628 2952 φράσατέ
648 2892 714 2951 μοι.
733 2854 873 2952 ικτίστης
895 2863 978 2953 ύμίν
1001 2861 1047 2956 ἦν
1065 2869 1151 2960 ἀνὴρ
1163 2890 1185 2931 25

198 3031 213 3079 2
231 3023 303 3096 ύμῖν
321 3020 336 3080 ὁ
357 3024 492 3107 οἰκίστηη
505 3028 664 3091 suspicatur
682 3026 765 3077 Hrch.
813 3031 829 3109 i}
847 3017 1003 3106 ἀπέτισαν]
1025 3024 1150 3099 ἀπέστη-

130 3105 183 3146 σαν
210 3096 249 3146 Ρο
267 3102 345 3147 mart.
429 3097 445 3146 ὅ
472 3111 510 3145 αν
536 3093 641 3146 addidit
663 3095 703 3145 H·
769 3098 785 3146 6
812 3112 892 3163 υμιον
919 3097 1036 3164 Hoyler]
1068 3092 1149 3166 ἡμῶν

130 3165 145 3213 7
163 3161 290 3229 κτίστου]
321 3165 357 3214 Et
379 3164 432 3214 hoc
455 3162 518 3212 loeo
542 3163 667 3240 etuinfra
685 3162 835 3230 aliquoties
853 3162 938 3213 Hrch.
959 3159 1093 3232 οἰκιστής
1112 3183 1150 3218 re·

130 3231 283 3295 ponendum
300 3237 394 3282 censet
448 3234 479 3283 10
496 3230 564 3280 Post
584 3228 662 3280 Ιοιδι
680 3231 740 3281 Pet.
759 3231 886 3281 lacunam
904 3231 1079 3296 significavit
1119 3236 1149 3286 18

129 3291 380 3364 κατωλιγωρηκόσι
398 3298 466 3350 Rsk.
484 3303 511 3348 et
528 3295 645 3382 Heyler]
665 3291 915 3366 καταλιγωρηιιόσι
932 3299 973 3350 Ρο
990 3307 1072 3355 mart.
1086 3308 1148 3369 pet,

130 3361 375 3448 κατολιγωρηιιόσι
394 3367 491 3432 spanh.
573 3369 607 3418 23
625 3361 816 3434 απηλαύομεν
835 3367 873 3417 Ρο
954 3369 988 3419 26
1008 3361 1147 3435 φράσατε.

130 3427 260 3513 οἰκιοτης
278 3435 362 3514 istob.
397 3433 516 3486 Dativos
539 3451 602 3486 vero
625 3435 813 3501 pronominum
831 3435 1006 3500 imperativis
1024 3437 1147 3488 Iulianus

131 3497 236 3548 addidit
253 3505 333 3550 etiam
352 3503 437 3552 192ss
455 3505 505 3553 209
517 3503 567 3552 ΑΙ)
586 3506 636 3555 324
648 3503 673 3552 D
690 3503 776 3554 334A
795 3501 880 3554 379A
