2436 3870
153 131 218 197 400
373 89 377 101 ³
456 133 599 185 mmm
619 131 866 184 ουνεοινοευε
967 114 971 118 “

153 289 240 349 μου,
275 259 336 328 τὸν
372 257 536 347 νεώτερον
573 258 611 327 δὲ
642 261 687 351 τῷ
720 262 883 351 Σικελικῷ
919 263 1031 351 θηρίφ
1064 283 1167 348 παρα-

92 447 95 451 ,
153 371 301 455 πλησίας
328 367 428 457 κλοιῷ
457 368 572 452 δῆσον.
616 367 791 452 παρήλθεν
822 368 880 434 ἐπί
903 365 1035 444 τούτοις
1063 367 1168 454 γέρων

155 470 308 560 ὀφθῆναι
331 469 462 551 ,κολάς’
499 469 618 558 λάμπει
650 469 714 558 γάρ
751 476 842 539 ἔστιν
874 468 928 540 ὅτε
964 472 1021 540 καὶ
1055 474 1093 539 ἐν
1124 475 1167 562 τῷ

115 579 244 670 Βγήρηι
284 578 321 647 τὸ
358 575 495 658 κάλλος·
537 578 688 664 ἐντυχεῖν
727 577 933 668 πρᾳότατος,
970 583 1170 666 χρηματίσαι

155 684 372 764 δικαιότατος.
408 679 537 773 ήδέσθη
564 685 687 751 τούτου
715 675 916 770 ὁΣειληυὸς
942 685 999 752 καὶ
1027 680 1192 752 &mad-5

154 811 267 879 πηοεν.
304 787 374 858 εἶτα
403 784 575 879 ὃἙρμής,
598 784 695 876 Ὑπὲρ
719 788 756 857 δὲ
774 788 907 875 τούτου,
936 786 1040 876 εἶπεν,
1069 786 1169 859 οὐδὲν

153 892 235 985 ἡμῖν
266 897 386 982 λέγεις;
419 897 489 964 Ναὶ
521 893 567 982 μά
599 891 671 980 Δί’,
703 900 783 982 ἔφη,
816 897 990 983 μέμφομαί
1018 922 1059 981 γε
1089 890 1169 983 ὑμῖν

153 1005 212 1090 τής
244 998 447 1089 ἀνισότητος.
492 1005 538 1092 τῷ
571 997 636 1090 γάρ
668 1002 798 1091 φονικῷ
826 1007 937 1092 θηρίφ
969 1003 1042 1090 τρὶς
1074 1003 1168 1071 πέντε

153 1114 325 1196 νείμαντες
352 1103 528 1186 ἐνιαυτούς
555 1109 614 1174 ἕνα
642 1106 736 1194 μόλις
763 1105 905 1176 ἐδώκατε
936 1106 1045 1198 τούτῷ
1074 1113 1168 1195 βασι-

153 1217 279 1283 λεῦσαι.
313 1209 409 1281 Ἀλλά
436 1210 480 1299 μή
508 1213 653 1299 μέμφου,
682 1210 772 1281 εἶπεν
801 1209 936 1293 ὁΖεύς·
964 1213 1085 1294 εἰσάξω
1104 1212 1167 1304 γάρ
1180 1235 1199 1273 1⁰

114 1319 209 1387 Οέπλ
236 1317 342 1407 τούτῳ
370 1315 513 1397 πολλοὺς
540 1313 722 1404 κάγαθούς.
758 1315 886 1399 εὐθέως
914 1309 978 1388 οὖν
1006 1315 1024 1387 ὁ
1048 1327 1167 1408 Τραϊα-

153 1421 214 1503 νὸς
240 1421 409 1511 εἰσήρχετο
437 1425 551 1511 φέρων
578 1423 632 1491 ἐπὶ
659 1426 727 1492 τῶν
754 1423 855 1512 ὤμων
881 1422 923 1493 τά
950 1425 1105 1515 τρόπαια,
1132 1425 1166 1494 τό

152 1555 188 1597 τε
221 1525 358 1597 Γετικὸν
389 1531 446 1597 καὶ
478 1526 554 1618 (τὸ)
587 1530 773 1618 Παρθικόν.
826 1529 910 1599 ἰδὼν
942 1530 980 1600 δὲ
1012 1529 1119 1601 αὐτὸν
1149 1527 1165 1600 ὁ

153 1632 317 1722 Σειληνὸς
357 1640 443 1723 ἔφη,
484 1633 668 1704 λανθάνειν
705 1662 739 1704 τε
776 1634 844 1723 ἅμα
884 1638 941 1706 καὶ
982 1633 1166 1707 ἀκούεσθαι

153 1740 370 1829 βουλόμενος,
389 1739 478 1831 Ὥρα
504 1743 570 1809 νῦν
597 1744 643 1833 τῷ
663 1742 807 1839 δεσπότῃ
826 1744 886 1811 Διὶ
906 1757 1054 1831 σκοπεῖν,
1078 1741 1165 1825 ὅπως
1176 1761 1196 1802 1⁶

153 1842 171 1916 ὁ
192 1847 393 1935 Γανυμήδης
416 1843 506 1940 αὐτῷ
525 1846 759 1936 φρουρήσεται.
800 1847 881 1936 μετὰ
907 1852 1030 1918 τοῦτον
1058 1851 1163 1919 ἐπεισ-

109 1953 281 2042 Βέρχεται
321 1960 465 2039 βαθεῖαν
502 1957 587 2040 ἔχων
622 1951 685 2042 τήν
721 1949 856 2043 ὑπήνην
892 1951 978 2043 άνήρ
1021 1955 1164 2045 σοβαρὸς

152 2057 193 2126 τά
219 2085 254 2128 τε
281 2056 365 2127 ἄλλα
382 2060 439 2128 καὶ
466 2056 508 2146 δή
527 2052 584 2127 καλ
611 2058 778 2147 μουσικήν
806 2060 1033 2150 ἐργαζόμενος,
1062 2071 1111 2145 εἰς
1132 2088 1162 2129 τε

152 2163 212 2233 τὸν
245 2161 394 2254 οὐρανὸν
426 2161 566 2254 άφορῶν
597 2164 754 2246 πολλάκις
785 2167 842 2235 καὶ
873 2170 1163 2259 πολυπραγμονῶν

151 2268 192 2338 τά
220 2267 400 2358 ἀπόρρητα.
444 2273 566 2339 τοῦτον
594 2270 631 2339 δὲ
664 2269 748 2340 λὸὠν
776 2268 793 2340 ὁ
822 2270 986 2360 Σειληνὸς
1013 2279 1096 2362 ἔφη,
1126 2277 1164 2342 Τί
1174 2291 1194 2329 ²⁰

153 2373 190 2442 δὲ
217 2370 299 2463 ύμῖν
326 2366 426 2457 οὗτος
454 2371 471 2444 ὁ
492 2374 654 2464 σοφιστής
672 2381 779 2461 θοκελ;
807 2380 880 2467 μῶν
896 2375 1070 2450 Ἀντίνοον
1088 2382 1163 2470 τῇδε

152 2495 357 2568 περισκοπεῐς
386 2480 545 2570 φρασάτω
572 2509 623 2563 τις
641 2479 731 2574 αύτῷ
759 2480 803 2571 μή
822 2498 977 2572 παρεῖναι
995 2483 1034 2553 τὸ
1053 2484 1162 2575 μειρά-

151 2612 226 2654 κιον
254 2586 375 2655 ἐνθαδὶ
403 2588 458 2655 καὶ
485 2586 644 2656 παυσάτω
672 2591 733 2656 τοῦ
760 2589 865 2678 λήρου
892 2591 948 2659 καὶ
972 2593 1030 2678 τής
1058 2600 1162 2678 φλυα-

98 2697 230 2781 311ρίας
262 2688 375 2761 αὐτόν.
425 2694 477 2761 ἐπὶ
509 2692 640 2774 τούτοις
671 2690 756 2783 άνήρ
789 2697 968 2785 εἰσέρχεται
1005 2695 1161 2786 σώφρων,

237 2883 249 2928 1
274 2878 312 2946 τῷ
333 2879 477 2933 Σικελικῷ
495 2879 591 2947 θηρίω
633 2881 694 2934 vid.
715 2881 801 2933 schol.
822 2882 857 2932 ad
875 2882 1007 2934 Aeschin.
1026 2899 1063 2934 or.
1082 2886 1112 2946 2,
1132 2885 1161 2933 10

150 2949 166 2998 3
185 2941 261 3026 ἔμτιν
279 2947 360 3012 Aug]
378 2931 464 3000 ἐστλά
516 2950 532 2998 0
550 2932 664 3013 ήθεσθη
683 2953 738 3013 pet.
756 2949 855 3030 εμαοθ,
875 2947 879 3014 Ι
899 2949 1003 3001 τοῦτον
1021 2947 1160 3033 VMAug.]

150 3030 256 3066 τουτου
282 3021 357 3070 σουλ.
375 3020 565 3083 με1.,τουτφ
592 3017 690 3080 εμοολι,
776 3018 792 3066 6
819 3012 914 3069 ουθὲν
933 3018 992 3068 VM
1080 3021 1094 3069 7
1122 3017 1153 3070 ὃλ

150 3080 295 3160 VMAug]
314 3081 372 3149 Δία
404 3085 409 3145 Ι
440 3098 472 3149 ηε
495 3080 639 3148 VMAug.]
659 3075 713 3147 γάρ
746 3082 750 3146 Ι
782 3077 851 3147 ὑμῖν
875 3081 988 3164 VAug.]
1008 3079 1086 3149 ὑμᾶς
1146 3089 1161 3138 8

151 3164 274 3212 φοινικω
293 3151 316 3197 V
403 3154 435 3201 10
460 3141 563 3212 εἰτάξω
581 3150 613 3211 V,
633 3142 729 3213 ἐπάξω
747 3151 813 3203 Cob.
902 3155 934 3203 11
951 3146 1107 3218 καηαθούς
1125 3152 1160 3220 Μ]

150 3212 200 3267 καὶ
218 3207 353 3282 άηαθούς
390 3252 393 3259 ·
434 3219 465 3270 13
483 3211 515 3268 τὸ
536 3208 690 3280 Παρθικόν
708 3215 787 3284 Oob.]
806 3212 961 3284 Παρθικόν
1044 3223 1076 3271 16
1095 3238 1163 3287 ηαν-

150 3278 281 3349 ννμήδης
298 3286 432 3350 VMAug.
521 3289 551 3336 17
574 3280 627 3350 τήν
645 3277 761 3351 ὑπήνην
779 3284 924 3354 VMAug.]
943 3280 1062 3353 ὑπήνην
1132 3292 1162 3341 18

150 3356 179 3401 et
197 3354 229 3402 19
252 3349 294 3410 εἴς
311 3368 342 3402 τε
360 3344 411 3403 τὸν
433 3344 557 3417 ούρανόν
581 3345 705 3417 ἀφορῶν.
735 3355 772 3406 cf.
791 3353 890 3405 Suidas
908 3372 933 3409 v.
951 3350 1080 3407 παιδικά
1130 3360 1162 3408 20

151 3411 184 3467 δὲ
212 3411 284 3469 ἰδὼν
307 3419 445 3497 ΜΡροά,
473 3413 510 3486 δή
530 3411 603 3472 ἰδὼν
622 3421 645 3465 V
663 3421 774 3486 spanh„
793 3414 864 3473 ἰδὼν
881 3422 950 3487 Aug.
970 3429 999 3474 et
1018 3424 1079 3475 edd.
1099 3429 1161 3475 ante

147 3485 248 3549 ιμκιὼ.
319 3489 350 3536 21
371 3486 489 3538 αντλνον
507 3488 576 3553 Aug.
