2446 3870
284 922 576 1002 IOTAIANOT
609 920 1034 999 ΑΤΤΟΚΡΑΤΟΡΟΣ

219 1061 281 1112 ευ]
303 1059 379 1112 Τοα
400 1061 562 1114 nimi
584 1060 706 1112 ΗΛΙοα
727 1060 830 1112 ΠΡΟΣ
855 1057 1104 1114 Σιοονενιοα.

111 1249 134 1302 Β
233 1234 424 1323 Προσηκειν
451 1231 678 1324 ὑπολαμβάνω
697 1238 759 1305 τοῦ
777 1235 882 1322 λόγου
904 1237 1006 1303 τοῦδε
1024 1233 1168 1322 μάλιστα

153 1339 214 1428 μέν
241 1337 377 1427 ἅπασιν,

234 1479 319 1551 όσσα
346 1508 381 1550 τε
408 1495 510 1568 γαῖαν
537 1488 591 1551 έπι
618 1488 724 1551 πνείει
750 1509 785 1551 τε
812 1483 868 1550 καὶ
896 1484 998 1571 ἕρπει,
1183 1517 1196 1558 5

152 1626 209 1693 καὶ
235 1627 297 1694 τοτ’
324 1621 486 1693 εἶναικαὶ
513 1625 649 1712 λογικῆς
676 1625 785 1711 ψυχῆς
802 1624 858 1692 καὶ
877 1626 942 1692 νοῦ
960 1629 1169 1711 μετείληφεν,

154 1728 215 1820 οὐχ
242 1728 361 1819 ἥκιστα
389 1729 426 1799 δὲ
443 1733 512 1799 τῶν
539 1728 651 1799 ἀλλων
670 1725 827 1799 ἁπάντων
855 1731 1000 1821 ἐμαυτῷ·
1028 1731 1084 1798 καὶ
1102 1730 1168 1820 γάρ

114 1843 223 1926 θείμι
253 1841 315 1907 τοῦ
350 1839 513 1925 βασιλέως
550 1834 675 1917 όπαδὸς
703 1831 828 1905 Ἡλίου.
878 1835 1002 1904 τούτου
1034 1835 1072 1904 δὲ
1104 1841 1169 1925 έχω

154 1944 216 2033 μὲν
243 1954 330 2014 οίκοι
357 1940 435 2034 παρ’
465 1945 597 2036 ἐμαυτῷ
624 1941 684 2024 τάς
714 1948 840 2023 πίστεις
867 1938 1115 2033 ἀκριβεστέρας·
1149 1939 1168 2012 ὃ

154 2053 195 2120 δέ
224 2079 281 2139 μοι
316 2052 414 2138 θέμις
450 2055 555 2119 εἰπεῖν
586 2050 641 2118 καὶ
679 2045 898 2136 ἀνεμέσητον,
931 2049 1083 2135 ἐντέτηκέ
1112 2075 1170 2136 μοι
1183 2073 1210 2116 10

155 2155 266 2236 δεινὸς
294 2158 329 2224 ἐκ
356 2152 488 2223 παίδων
518 2157 587 2223 τῶν
614 2151 731 2241 αὐγῶν
761 2157 823 2224 τοῦ
850 2157 936 2223 θεοῦ
962 2154 1086 2240 πόθος,
1114 2157 1172 2224 καὶ

155 2260 238 2350 πρὸς
274 2259 311 2329 τὸ
345 2263 419 2348 φῶς
455 2258 544 2328 οὕτω
578 2257 619 2349 δὴ
657 2258 694 2329 τὸ
728 2262 882 2350 αἰθέριον
913 2262 950 2329 ἐκ
985 2265 1170 2350 παιδαρίου

155 2369 275 2456 κομιδῇ
303 2364 365 2454 τὴν
392 2364 548 2435 θιάνοιαν
576 2366 763 2455 ἐξιστάμην,
792 2365 876 2436 ὥστε
904 2363 966 2436 οὐκ
989 2372 1037 2447 είς
1064 2363 1172 2437 αὐτὸν

155 2473 262 2560 μόνον
294 2470 407 2553 ἀτενὲς
445 2468 529 2562 ὁράν
561 2473 772 2562 ἐπεθύμουν,
809 2470 892 2542 ἀλλά
923 2479 994 2560 καί,
1028 2481 1063 2540 εί
1091 2497 1171 2542 ποτε

156 2578 287 2669 νύκτωρ
315 2576 482 2666 ἀνεφέλου
509 2580 564 2648 καλ
583 2582 736 2669 καθαρᾶς
763 2584 899 2669 αἰθρίας
919 2577 1023 2667 οὔσης
1050 2581 1169 2668 προέλ·
1185 2603 1213 2646 ιι

110 2704 136 2757 D
155 2697 263 2775 θοιμι,
290 2686 398 2756 πάντα
426 2682 562 2776 ἀθρόοις
580 2682 678 2773 ἀφεὶς
700 2700 770 2767 τοῖς
789 2681 962 2775 οὐρανίοις
989 2700 1172 2775 προσεῖχον

157 2793 325 2881 κάλλεσιν,
359 2789 470 2863 οὐκέτι
498 2794 621 2874 ξυνιεὶς
649 2788 750 2861 οὐδὲν
777 2800 811 2859 εί
833 2818 884 2873 τις
910 2793 1000 2878 λέγοι
1028 2817 1059 2860 τι
1085 2791 1171 2881 πρός

226 3060 471 3150 Ῑαότοκροίτορος
488 3066 523 3135 V]
544 3067 683 3134 καίτοιρος
752 3068 977 3119 ἳσιιλονστῖνον
995 3066 1105 3118 MbEF
1155 3070 1174 3120 4

158 3128 268 3189 ἀποιοιν
292 3128 479 3203 1ἰοτί]”οιπ“ασι
565 3135 801 3214 511ῐεᾱ.ρ,447
832 3134 892 3200 Ody
894 3149 930 3186 ss.
949 3149 978 3198 σ,
999 3137 1048 3187 130
1080 3135 1085 3197 Ι
1118 3148 1173 3187 οσα

157 3205 223 3256 libri
241 3203 246 3269 Ι
270 3196 413 3257 ἐπιπνείει
430 3221 450 3255 v
501 3207 517 3254 6
535 3201 586 3256 καλ
603 3219 657 3255 νου
675 3218 726 3255 om.
739 3202 821 3254 EFG
836 3153 1033 3284 [μετείληφεν
1050 3199 1088 3282 Η]
1106 3218 1174 3269 μετ-

159 3274 220 3339 ειλη
247 3267 367 3338 έναιλί,
390 3265 588 3340 μετειληφότα
611 3287 629 3322 v
714 3263 906 3352 Sincaius-V
980 3272 1012 3321 Π
1033 3264 1171 3322 κάλλεσιν

156 3287 372 3456 Ιίοτίΐκοίλλεσι
395 3341 399 3403 Ι
426 3337 535 3403 ξυνιείς
553 3337 630 3404 libri]
652 3336 747 3402 ξυνεὶς
767 3337 771 3404 Ι
795 3329 866 3390 οὐδὲ
868 3329 987 3404 ’dosidi
1004 3336 1172 3404 MhEFGi

154 3404 231 3456 εἴτι
248 3400 330 3471 λέγοι
348 3424 392 3467 τις
409 3409 434 3460 V
451 3408 492 3472 (τι
511 3425 545 3460 ex
562 3424 606 3467 τις
625 3406 717 3458 altera
733 3421 816 3457 manu
834 3403 996 3469 correctum)
