<?xml version="1.0" encoding="UTF-8"?>
<!DOCTYPE html PUBLIC "-//W3C//DTD XHTML 1.0 Transitional//EN"
    "http://www.w3.org/TR/xhtml1/DTD/xhtml1-transitional.dtd">
<html xmlns="http://www.w3.org/1999/xhtml" xml:lang="en" lang="en">
 <head>
  <title>
</title>
<meta http-equiv="Content-Type" content="text/html;charset=utf-8" />
  <meta name='ocr-system' content='tesseract 3.04.00' />
  <meta name='ocr-capabilities' content='ocr_page ocr_carea ocr_par ocr_line ocrx_word'/>
</head>
<body>
  <div class='ocr_page' id='page_1' title='image "./iulianiimperato01juligoog_0097.png"; bbox 0 0 2446 3870; ppageno 0'>
   <div class='ocr_carea' id='block_1_1' title="bbox 152 153 864 222">
    <p class='ocr_par' dir='ltr' id='par_1_1' title="bbox 152 153 864 222">
     <span class='ocr_line' id='line_1_1' title="bbox 152 153 864 222; baseline 0 -16"><span class='ocrx_word' id='word_1_1' title='bbox 152 154 196 222; x_wconf 82' lang='grc'><strong><em>84</em></strong></span> <span class='ocrx_word' id='word_1_2' title='bbox 454 154 598 207; x_wconf 83' lang='lat' dir='ltr'>IULIANI</span> <span class='ocrx_word' id='word_1_3' title='bbox 618 153 864 206; x_wconf 78' lang='lat' dir='ltr'>IMPERATORIS</span> 
     </span>
    </p>
   </div>
   <div class='ocr_carea' id='block_1_2' title="bbox 102 280 1210 2180">
    <p class='ocr_par' dir='ltr' id='par_1_2' title="bbox 102 280 1210 2180">
     <span class='ocr_line' id='line_1_2' title="bbox 152 280 1167 370; baseline -0.004 -17"><span class='ocrx_word' id='word_1_4' title='bbox 152 285 209 354; x_wconf 86' lang='grc' dir='ltr'><strong><em>καλ</em></strong></span> <span class='ocrx_word' id='word_1_5' title='bbox 236 284 438 363; x_wconf 78' lang='grc' dir='ltr'><strong><em>πολυτελοῦς</em></strong></span> <span class='ocrx_word' id='word_1_6' title='bbox 464 284 596 370; x_wconf 80' lang='grc' dir='ltr'><strong><em>πομπῆς</em></strong></span> <span class='ocrx_word' id='word_1_7' title='bbox 612 280 833 369; x_wconf 86' lang='grc' dir='ltr'><strong><em>πεμπομένης,</em></strong></span> <span class='ocrx_word' id='word_1_8' title='bbox 860 287 981 362; x_wconf 91' lang='grc' dir='ltr'><strong><em>λίθους</em></strong></span> <span class='ocrx_word' id='word_1_9' title='bbox 999 283 1036 350; x_wconf 89' lang='grc' dir='ltr'><strong><em>ἐκ</em></strong></span> <span class='ocrx_word' id='word_1_10' title='bbox 1062 308 1167 369; x_wconf 88' lang='grc' dir='ltr'><strong><em>μηχα-</em></strong></span> 
     </span>
     <span class='ocr_line' id='line_1_3' title="bbox 153 385 1168 477; baseline -0.005 -18"><span class='ocrx_word' id='word_1_11' title='bbox 153 393 225 459; x_wconf 95' lang='grc' dir='ltr'><strong><em>νῶν</em></strong></span> <span class='ocrx_word' id='word_1_12' title='bbox 252 386 406 477; x_wconf 76' lang='grc' dir='ltr'><strong><em>ἀφιέντες</em></strong></span> <span class='ocrx_word' id='word_1_13' title='bbox 437 389 493 457; x_wconf 83' lang='grc' dir='ltr'><strong><em>καί</em></strong></span> <span class='ocrx_word' id='word_1_14' title='bbox 520 387 629 469; x_wconf 76' lang='grc' dir='ltr'><strong><em>τόξοις</em></strong></span> <span class='ocrx_word' id='word_1_15' title='bbox 661 387 840 475; x_wconf 75' lang='grc' dir='ltr'><strong><em>βάλλοντες</em></strong></span> <span class='ocrx_word' id='word_1_16' title='bbox 867 390 900 468; x_wconf 84' lang='grc' dir='ltr'><strong><em>ἐς</em></strong></span> <span class='ocrx_word' id='word_1_17' title='bbox 926 385 989 474; x_wconf 84' lang='grc' dir='ltr'><strong><em>τήν</em></strong></span> <span class='ocrx_word' id='word_1_18' title='bbox 1015 413 1168 475; x_wconf 80' lang='grc' dir='ltr'><strong><em>τειχομα-</em></strong></span> 
     </span>
     <span class='ocr_line' id='line_1_4' title="bbox 154 490 1169 586; baseline -0.004 -20"><span class='ocrx_word' id='word_1_19' title='bbox 154 501 231 585; x_wconf 91' lang='grc' dir='ltr'><strong><em>χίαν</em></strong></span> <span class='ocrx_word' id='word_1_20' title='bbox 258 496 510 586; x_wconf 84' lang='grc' dir='ltr'><strong><em>προυκαλοῦντο</em></strong></span> <span class='ocrx_word' id='word_1_21' title='bbox 537 491 618 574; x_wconf 86' lang='grc' dir='ltr'><strong><em>τούς</em></strong></span> <span class='ocrx_word' id='word_1_22' title='bbox 645 493 845 584; x_wconf 78' lang='grc' dir='ltr'><strong><em>βαρβάρους.</em></strong></span> <span class='ocrx_word' id='word_1_23' title='bbox 882 492 983 580; x_wconf 88' lang='grc' dir='ltr'><strong><em>φύσει</em></strong></span> <span class='ocrx_word' id='word_1_24' title='bbox 1007 492 1044 560; x_wconf 72' lang='grc' dir='ltr'><strong><em>δὲ</em></strong></span> <span class='ocrx_word' id='word_1_25' title='bbox 1072 490 1169 575; x_wconf 87' lang='grc' dir='ltr'><strong><em>όντες</em></strong></span> 
     </span>
     <span class='ocr_line' id='line_1_5' title="bbox 154 597 1169 692; baseline -0.003 -21"><span class='ocrx_word' id='word_1_26' title='bbox 154 607 202 683; x_wconf 89' lang='grc' dir='ltr'><strong><em>είς</em></strong></span> <span class='ocrx_word' id='word_1_27' title='bbox 233 597 339 692; x_wconf 84' lang='grc' dir='ltr'><strong><em>ὀργήν</em></strong></span> <span class='ocrx_word' id='word_1_28' title='bbox 371 598 554 691; x_wconf 77' lang='grc' dir='ltr'><strong><em>όξύρροποι</em></strong></span> <span class='ocrx_word' id='word_1_29' title='bbox 584 600 641 669; x_wconf 83' lang='grc' dir='ltr'><strong><em>καί</em></strong></span> <span class='ocrx_word' id='word_1_30' title='bbox 673 598 788 669; x_wconf 88' lang='grc' dir='ltr'><strong><em>δεινὸν</em></strong></span> <span class='ocrx_word' id='word_1_31' title='bbox 819 599 1015 687; x_wconf 80' lang='grc' dir='ltr'><strong><em>ποιούμενοι</em></strong></span> <span class='ocrx_word' id='word_1_32' title='bbox 1046 597 1084 669; x_wconf 89' lang='grc' dir='ltr'><strong><em>τὸ</em></strong></span> <span class='ocrx_word' id='word_1_33' title='bbox 1114 602 1169 686; x_wconf 86' lang='grc' dir='ltr'><strong><em>γέ-</em></strong></span> 
     </span>
     <span class='ocr_line' id='line_1_6' title="bbox 154 703 1199 796; baseline -0.004 -20"><span class='ocrx_word' id='word_1_34' title='bbox 154 716 243 777; x_wconf 91' lang='grc' dir='ltr'><strong><em>λωτα</em></strong></span> <span class='ocrx_word' id='word_1_35' title='bbox 271 704 417 795; x_wconf 86' lang='grc' dir='ltr'><strong><em>ὀφλήσαι</em></strong></span> <span class='ocrx_word' id='word_1_36' title='bbox 442 708 498 775; x_wconf 86' lang='grc' dir='ltr'><strong><em>καλ</em></strong></span> <span class='ocrx_word' id='word_1_37' title='bbox 517 703 703 793; x_wconf 74' lang='grc' dir='ltr'><strong><em>ἀπαγαγεῖν</em></strong></span> <span class='ocrx_word' id='word_1_38' title='bbox 729 703 836 775; x_wconf 84' lang='grc' dir='ltr'><strong><em>ὀπίσω</em></strong></span> <span class='ocrx_word' id='word_1_39' title='bbox 862 704 926 794; x_wconf 85' lang='grc' dir='ltr'><strong><em>τήν</em></strong></span> <span class='ocrx_word' id='word_1_40' title='bbox 952 705 1199 796; x_wconf 82' lang='grc' dir='ltr'><strong><em>παρασκευήυι</em></strong></span> 
     </span>
     <span class='ocr_line' id='line_1_7' title="bbox 155 812 1170 904; baseline -0.002 -21"><span class='ocrx_word' id='word_1_41' title='bbox 155 812 337 904; x_wconf 88' lang='grc' dir='ltr'><strong><em>ἀπρακτον,</em></strong></span> <span class='ocrx_word' id='word_1_42' title='bbox 363 814 623 900; x_wconf 74' lang='grc' dir='ltr'><strong><em>ἐγκελευομένου</em></strong></span> <span class='ocrx_word' id='word_1_43' title='bbox 651 819 748 900; x_wconf 90' lang='grc' dir='ltr'><strong><em>σφίσι</em></strong></span> <span class='ocrx_word' id='word_1_44' title='bbox 778 814 840 881; x_wconf 85' lang='grc' dir='ltr'><strong><em>τού</em></strong></span> <span class='ocrx_word' id='word_1_45' title='bbox 867 813 1038 900; x_wconf 87' lang='grc' dir='ltr'><strong><em>βασιλέως,</em></strong></span> <span class='ocrx_word' id='word_1_46' title='bbox 1064 824 1170 900; x_wconf 88' lang='grc' dir='ltr'><strong><em>προσ-</em></strong></span> 
     </span>
     <span class='ocr_line' id='line_1_8' title="bbox 154 918 1171 1012; baseline 0 -23"><span class='ocrx_word' id='word_1_47' title='bbox 154 922 240 1007; x_wconf 86' lang='grc' dir='ltr'><strong><em>ήγον</em></strong></span> <span class='ocrx_word' id='word_1_48' title='bbox 275 923 322 1012; x_wconf 75' lang='grc' dir='ltr'><strong><em>τῷ</em></strong></span> <span class='ocrx_word' id='word_1_49' title='bbox 352 927 453 1008; x_wconf 89' lang='grc' dir='ltr'><strong><em>τείχει</em></strong></span> <span class='ocrx_word' id='word_1_50' title='bbox 484 920 540 988; x_wconf 84' lang='grc' dir='ltr'><strong><em>καί</em></strong></span> <span class='ocrx_word' id='word_1_51' title='bbox 572 918 750 1007; x_wconf 71' lang='grc' dir='ltr'><strong><em>ἐβάλλοντο</em></strong></span> <span class='ocrx_word' id='word_1_52' title='bbox 787 921 922 1000; x_wconf 79' lang='grc' dir='ltr'><strong><em>πυκνῶς</em></strong></span> <span class='ocrx_word' id='word_1_53' title='bbox 951 933 1023 999; x_wconf 78' lang='grc' dir='ltr'><strong><em>τοῖς</em></strong></span> <span class='ocrx_word' id='word_1_54' title='bbox 1058 925 1171 1002; x_wconf 86' lang='grc' dir='ltr'><strong><em>λίθοις</em></strong></span> 
     </span>
     <span class='ocr_line' id='line_1_9' title="bbox 102 1024 1171 1115; baseline -0.004 -16"><span class='ocrx_word' id='word_1_55' title='bbox 102 1049 137 1099; x_wconf 79' lang='grc' dir='ltr'><strong><em>σο</em></strong></span> <span class='ocrx_word' id='word_1_56' title='bbox 155 1028 211 1096; x_wconf 87' lang='grc' dir='ltr'><strong><em>καὶ</em></strong></span> <span class='ocrx_word' id='word_1_57' title='bbox 242 1041 313 1109; x_wconf 77' lang='grc' dir='ltr'><strong><em>τοῖς</em></strong></span> <span class='ocrx_word' id='word_1_58' title='bbox 342 1026 532 1114; x_wconf 80' lang='grc' dir='ltr'><strong><em>τοξεύμασι·</em></strong></span> <span class='ocrx_word' id='word_1_59' title='bbox 569 1027 625 1095; x_wconf 81' lang='grc' dir='ltr'><strong><em>καὶ</em></strong></span> <span class='ocrx_word' id='word_1_60' title='bbox 657 1025 788 1115; x_wconf 82' lang='grc' dir='ltr'><strong><em>ἐτρῶθη</em></strong></span> <span class='ocrx_word' id='word_1_61' title='bbox 825 1027 893 1093; x_wconf 90' lang='grc' dir='ltr'><strong><em>τῶν</em></strong></span> <span class='ocrx_word' id='word_1_62' title='bbox 923 1030 1057 1113; x_wconf 86' lang='grc' dir='ltr'><strong><em>θηρίων</em></strong></span> <span class='ocrx_word' id='word_1_63' title='bbox 1092 1024 1171 1095; x_wconf 81' lang='grc' dir='ltr'><strong><em>τινὰ</em></strong></span> 
     </span>
     <span class='ocr_line' id='line_1_10' title="bbox 155 1127 1172 1221; baseline -0.002 -17"><span class='ocrx_word' id='word_1_64' title='bbox 155 1135 211 1204; x_wconf 84' lang='grc' dir='ltr'><strong><em>καί</em></strong></span> <span class='ocrx_word' id='word_1_65' title='bbox 238 1130 411 1202; x_wconf 87' lang='grc' dir='ltr'><strong><em>ἀπέθανεν</em></strong></span> <span class='ocrx_word' id='word_1_66' title='bbox 438 1133 668 1221; x_wconf 85' lang='grc' dir='ltr'><strong><em>είσενεχθέυτα</em></strong></span> <span class='ocrx_word' id='word_1_67' title='bbox 687 1127 753 1200; x_wconf 87' lang='grc' dir='ltr'><strong><em>ύτιὸ</em></strong></span> <span class='ocrx_word' id='word_1_68' title='bbox 772 1134 831 1220; x_wconf 90' lang='grc' dir='ltr'><strong><em>τής</em></strong></span> <span class='ocrx_word' id='word_1_69' title='bbox 859 1131 961 1211; x_wconf 88' lang='grc' dir='ltr'><strong><em>ίλύος.</em></strong></span> <span class='ocrx_word' id='word_1_70' title='bbox 997 1136 1172 1215; x_wconf 89' lang='grc' dir='ltr'><strong><em>δείσαντες</em></strong></span> 
     </span>
     <span class='ocr_line' id='line_1_11' title="bbox 156 1233 1210 1328; baseline -0.004 -20"><span class='ocrx_word' id='word_1_71' title='bbox 156 1238 194 1309; x_wconf 72' lang='grc' dir='ltr'><strong><em>δέ</em></strong></span> <span class='ocrx_word' id='word_1_72' title='bbox 220 1240 277 1308; x_wconf 87' lang='grc' dir='ltr'><strong><em>καὶ</em></strong></span> <span class='ocrx_word' id='word_1_73' title='bbox 303 1233 388 1328; x_wconf 75' lang='grc' dir='ltr'><strong><em>ύπέρ</em></strong></span> <span class='ocrx_word' id='word_1_74' title='bbox 414 1241 483 1306; x_wconf 87' lang='grc' dir='ltr'><strong><em>τῶν</em></strong></span> <span class='ocrx_word' id='word_1_75' title='bbox 511 1236 621 1307; x_wconf 84' lang='grc' dir='ltr'><strong><em>ἀλλων</em></strong></span> <span class='ocrx_word' id='word_1_76' title='bbox 648 1234 781 1326; x_wconf 82' lang='grc' dir='ltr'><strong><em>ἀπῆγον</em></strong></span> <span class='ocrx_word' id='word_1_77' title='bbox 804 1235 910 1308; x_wconf 89' lang='grc' dir='ltr'><strong><em>όπίσω</em></strong></span> <span class='ocrx_word' id='word_1_78' title='bbox 937 1237 1039 1306; x_wconf 89' lang='grc' dir='ltr'><strong><em>πάλιν</em></strong></span> <span class='ocrx_word' id='word_1_79' title='bbox 1065 1243 1114 1320; x_wconf 84' lang='grc' dir='ltr'><strong><em>είς</em></strong></span> <span class='ocrx_word' id='word_1_80' title='bbox 1130 1237 1170 1308; x_wconf 87' lang='grc' dir='ltr'><strong><em>τό</em></strong></span> <span class='ocrx_word' id='word_1_81' title='bbox 1185 1265 1210 1305; x_wconf 81' lang='grc' dir='ltr'><strong><em>ιο</em></strong></span> 
     </span>
     <span class='ocr_line' id='line_1_12' title="bbox 157 1338 1170 1434; baseline 0.002 -21"><span class='ocrx_word' id='word_1_82' title='bbox 157 1344 392 1433; x_wconf 89' lang='grc' dir='ltr'><strong><em>στρατόπεδον.</em></strong></span> <span class='ocrx_word' id='word_1_83' title='bbox 429 1338 474 1424; x_wconf 89' lang='grc' dir='ltr'><strong><em>ῶς</em></strong></span> <span class='ocrx_word' id='word_1_84' title='bbox 501 1343 539 1412; x_wconf 72' lang='grc' dir='ltr'><strong><em>δέ</em></strong></span> <span class='ocrx_word' id='word_1_85' title='bbox 556 1345 613 1412; x_wconf 82' lang='grc' dir='ltr'><strong><em>καί</em></strong></span> <span class='ocrx_word' id='word_1_86' title='bbox 630 1343 753 1432; x_wconf 83' lang='grc' dir='ltr'><strong><em>ταύτης</em></strong></span> <span class='ocrx_word' id='word_1_87' title='bbox 780 1339 1019 1432; x_wconf 79' lang='grc' dir='ltr'><strong><em>ὁΠαρθυαϊος</em></strong></span> <span class='ocrx_word' id='word_1_88' title='bbox 1045 1341 1170 1434; x_wconf 83' lang='grc' dir='ltr'><strong><em>ήμαρτε</em></strong></span> 
     </span>
     <span class='ocr_line' id='line_1_13' title="bbox 156 1445 1170 1541; baseline 0.002 -23"><span class='ocrx_word' id='word_1_89' title='bbox 156 1453 215 1537; x_wconf 79' lang='grc' dir='ltr'><strong><em>τῆς</em></strong></span> <span class='ocrx_word' id='word_1_90' title='bbox 241 1455 367 1539; x_wconf 85' lang='grc' dir='ltr'><strong><em>πείρας,</em></strong></span> <span class='ocrx_word' id='word_1_91' title='bbox 394 1445 473 1530; x_wconf 84' lang='grc' dir='ltr'><strong><em>τούς</em></strong></span> <span class='ocrx_word' id='word_1_92' title='bbox 499 1449 635 1531; x_wconf 83' lang='grc' dir='ltr'><strong><em>τοξότας</em></strong></span> <span class='ocrx_word' id='word_1_93' title='bbox 662 1447 783 1519; x_wconf 81' lang='grc' dir='ltr'><strong><em>διελῶν</em></strong></span> <span class='ocrx_word' id='word_1_94' title='bbox 800 1457 849 1532; x_wconf 85' lang='grc' dir='ltr'><strong><em>είς</em></strong></span> <span class='ocrx_word' id='word_1_95' title='bbox 876 1456 994 1541; x_wconf 89' lang='grc' dir='ltr'><strong><em>μοίρας</em></strong></span> <span class='ocrx_word' id='word_1_96' title='bbox 1022 1453 1170 1540; x_wconf 84' lang='grc' dir='ltr'><strong><em>διαδέχε-</em></strong></span> 
     </span>
     <span class='ocr_line' id='line_1_14' title="bbox 158 1552 1171 1649; baseline 0.002 -25"><span class='ocrx_word' id='word_1_97' title='bbox 158 1562 244 1625; x_wconf 89' lang='grc' dir='ltr'><strong><em>σθαί</em></strong></span> <span class='ocrx_word' id='word_1_98' title='bbox 268 1582 303 1624; x_wconf 88' lang='grc' dir='ltr'><strong><em>τε</em></strong></span> <span class='ocrx_word' id='word_1_99' title='bbox 330 1552 494 1644; x_wconf 84' lang='grc' dir='ltr'><strong><em>ἀλλήλους</em></strong></span> <span class='ocrx_word' id='word_1_100' title='bbox 521 1555 648 1625; x_wconf 85' lang='grc' dir='ltr'><strong><em>κελεύει</em></strong></span> <span class='ocrx_word' id='word_1_101' title='bbox 674 1559 731 1625; x_wconf 88' lang='grc' dir='ltr'><strong><em>καλ</em></strong></span> <span class='ocrx_word' id='word_1_102' title='bbox 759 1559 907 1645; x_wconf 89' lang='grc' dir='ltr'><strong><em>συνεχῶς</em></strong></span> <span class='ocrx_word' id='word_1_103' title='bbox 933 1557 1069 1645; x_wconf 76' lang='grc' dir='ltr'><strong><em>βάλλειν</em></strong></span> <span class='ocrx_word' id='word_1_104' title='bbox 1086 1556 1171 1649; x_wconf 84' lang='grc' dir='ltr'><strong><em>πρὸς</em></strong></span> 
     </span>
     <span class='ocr_line' id='line_1_15' title="bbox 157 1659 1169 1753; baseline 0.004 -23"><span class='ocrx_word' id='word_1_105' title='bbox 157 1661 194 1731; x_wconf 87' lang='grc' dir='ltr'><strong><em>τὸ</em></strong></span> <span class='ocrx_word' id='word_1_106' title='bbox 223 1663 465 1753; x_wconf 86' lang='grc' dir='ltr'><strong><em>διερρηγμένου</em></strong></span> <span class='ocrx_word' id='word_1_107' title='bbox 490 1664 552 1732; x_wconf 76' lang='grc' dir='ltr'><strong><em>τού</em></strong></span> <span class='ocrx_word' id='word_1_108' title='bbox 570 1669 710 1751; x_wconf 84' lang='grc' dir='ltr'><strong><em>τείχους,</em></strong></span> <span class='ocrx_word' id='word_1_109' title='bbox 738 1659 784 1744; x_wconf 85' lang='grc' dir='ltr'><strong><em>ῶς</em></strong></span> <span class='ocrx_word' id='word_1_110' title='bbox 801 1661 845 1752; x_wconf 85' lang='grc' dir='ltr'><strong><em>μή</em></strong></span> <span class='ocrx_word' id='word_1_111' title='bbox 873 1668 1056 1751; x_wconf 76' lang='grc' dir='ltr'><strong><em>δυνηθεῖεν</em></strong></span> <span class='ocrx_word' id='word_1_112' title='bbox 1074 1661 1169 1734; x_wconf 80' lang='grc' dir='ltr'><strong><em>ἀποι·</em></strong></span> 
     </span>
     <span class='ocr_line' id='line_1_16' title="bbox 156 1766 1204 1861; baseline -0.004 -23"><span class='ocrx_word' id='word_1_113' title='bbox 156 1771 341 1858; x_wconf 85' lang='grc' dir='ltr'><strong><em>κοδομήσαι</em></strong></span> <span class='ocrx_word' id='word_1_114' title='bbox 360 1770 424 1837; x_wconf 74' lang='grc' dir='ltr'><strong><em>,καὶ</em></strong></span> <span class='ocrx_word' id='word_1_115' title='bbox 452 1774 539 1857; x_wconf 83' lang='grc' dir='ltr'><strong><em>ἔχειν</em></strong></span> <span class='ocrx_word' id='word_1_116' title='bbox 566 1766 723 1857; x_wconf 89' lang='grc' dir='ltr'><strong><em>ἀσφαλῶς</em></strong></span> <span class='ocrx_word' id='word_1_117' title='bbox 749 1766 812 1857; x_wconf 84' lang='grc' dir='ltr'><strong><em>τήν</em></strong></span> <span class='ocrx_word' id='word_1_118' title='bbox 842 1769 955 1839; x_wconf 88' lang='grc' dir='ltr'><strong><em>πόλιν·</em></strong></span> <span class='ocrx_word' id='word_1_119' title='bbox 988 1767 1077 1839; x_wconf 81' lang='grc' dir='ltr'><strong><em>οὕτω</em></strong></span> <span class='ocrx_word' id='word_1_120' title='bbox 1106 1769 1204 1861; x_wconf 77' lang='grc' dir='ltr'><strong><em>γάρτι</em></strong></span> 
     </span>
     <span class='ocr_line' id='line_1_17' title="bbox 157 1870 1171 1969; baseline 0.003 -25"><span class='ocrx_word' id='word_1_121' title='bbox 157 1875 309 1966; x_wconf 82' lang='grc' dir='ltr'><strong><em>αἱρήσειν</em></strong></span> <span class='ocrx_word' id='word_1_122' title='bbox 336 1873 455 1944; x_wconf 90' lang='grc' dir='ltr'><strong><em>λαθῶν</em></strong></span> <span class='ocrx_word' id='word_1_123' title='bbox 481 1870 722 1964; x_wconf 85' lang='grc' dir='ltr'><strong><em>ήβιασάμενος</em></strong></span> <span class='ocrx_word' id='word_1_124' title='bbox 748 1878 795 1969; x_wconf 78' lang='grc' dir='ltr'><strong><em>τῶ</em></strong></span> <span class='ocrx_word' id='word_1_125' title='bbox 814 1876 936 1965; x_wconf 88' lang='grc' dir='ltr'><strong><em>πλήθει</em></strong></span> <span class='ocrx_word' id='word_1_126' title='bbox 962 1874 1043 1958; x_wconf 85' lang='grc' dir='ltr'><strong><em>τοὺς</em></strong></span> <span class='ocrx_word' id='word_1_127' title='bbox 1069 1882 1171 1947; x_wconf 81' lang='grc' dir='ltr'><strong><em>ἔνδον</em></strong></span> 
     </span>
     <span class='ocr_line' id='line_1_18' title="bbox 117 1977 1171 2075; baseline 0.002 -23"><span class='ocrx_word' id='word_1_128' title='bbox 117 1981 279 2071; x_wconf 80' lang='grc' dir='ltr'><strong><em>Βήλτιζε.</em></strong></span> <span class='ocrx_word' id='word_1_129' title='bbox 329 1982 469 2071; x_wconf 89' lang='grc' dir='ltr'><strong><em>μάταιον</em></strong></span> <span class='ocrx_word' id='word_1_130' title='bbox 505 1979 570 2072; x_wconf 84' lang='grc' dir='ltr'><strong><em>γάρ</em></strong></span> <span class='ocrx_word' id='word_1_131' title='bbox 606 1980 778 2072; x_wconf 83' lang='grc' dir='ltr'><strong><em>ἀπέφηνεν</em></strong></span> <span class='ocrx_word' id='word_1_132' title='bbox 809 1977 831 2070; x_wconf 83' lang='grc' dir='ltr'>ἡ</span> <span class='ocrx_word' id='word_1_133' title='bbox 867 1985 1030 2070; x_wconf 88' lang='grc' dir='ltr'><strong><em>βασιλέως</em></strong></span> <span class='ocrx_word' id='word_1_134' title='bbox 1064 2011 1171 2075; x_wconf 82' lang='grc' dir='ltr'><strong><em>παρα-</em></strong></span> 
     </span>
     <span class='ocr_line' id='line_1_19' title="bbox 158 2087 1171 2180; baseline 0.001 -21"><span class='ocrx_word' id='word_1_135' title='bbox 158 2087 261 2177; x_wconf 87' lang='grc' dir='ltr'><strong><em>σκευή</em></strong></span> <span class='ocrx_word' id='word_1_136' title='bbox 288 2092 350 2158; x_wconf 89' lang='grc' dir='ltr'><strong><em>τού</em></strong></span> <span class='ocrx_word' id='word_1_137' title='bbox 377 2088 553 2179; x_wconf 89' lang='grc' dir='ltr'><strong><em>βαρβάρου</em></strong></span> <span class='ocrx_word' id='word_1_138' title='bbox 580 2088 618 2159; x_wconf 87' lang='grc' dir='ltr'><strong><em>τὸ</em></strong></span> <span class='ocrx_word' id='word_1_139' title='bbox 646 2089 822 2177; x_wconf 90' lang='grc' dir='ltr'><strong><em>διανόημα.</em></strong></span> <span class='ocrx_word' id='word_1_140' title='bbox 857 2088 941 2158; x_wconf 82' lang='grc' dir='ltr'><strong><em>κατὰ</em></strong></span> <span class='ocrx_word' id='word_1_141' title='bbox 968 2089 1080 2159; x_wconf 86' lang='grc' dir='ltr'><strong><em>νῶτον</em></strong></span> <span class='ocrx_word' id='word_1_142' title='bbox 1107 2089 1171 2180; x_wconf 79' lang='grc' dir='ltr'><strong><em>γάρ</em></strong></span> 
     </span>
    </p>
   </div>
   <div class='ocr_carea' id='block_1_3' title="bbox 157 2191 1207 2926">
    <p class='ocr_par' dir='ltr' id='par_1_3' title="bbox 157 2191 1207 2926">
     <span class='ocr_line' id='line_1_20' title="bbox 157 2191 1172 2290; baseline 0.003 -28"><span class='ocrx_word' id='word_1_143' title='bbox 157 2198 226 2263; x_wconf 90' lang='grc' dir='ltr'><strong><em>τῶν</em></strong></span> <span class='ocrx_word' id='word_1_144' title='bbox 253 2191 398 2263; x_wconf 86' lang='grc' dir='ltr'><strong><em>ὁπλιτῶν</em></strong></span> <span class='ocrx_word' id='word_1_145' title='bbox 426 2198 540 2285; x_wconf 70' lang='grc' dir='ltr'><strong><em>ἕτερον</em></strong></span> <span class='ocrx_word' id='word_1_146' title='bbox 558 2209 665 2282; x_wconf 74' lang='grc' dir='ltr'><strong><em>τεῖχος</em></strong></span> <span class='ocrx_word' id='word_1_147' title='bbox 691 2195 870 2285; x_wconf 77' lang='grc' dir='ltr'><strong><em>εἰργάζετο·</em></strong></span> <span class='ocrx_word' id='word_1_148' title='bbox 898 2191 975 2266; x_wconf 72' lang='grc' dir='ltr'><strong><em>ὁδέ</em></strong></span> <span class='ocrx_word' id='word_1_149' title='bbox 1001 2193 1084 2290; x_wconf 81' lang='grc' dir='ltr'><strong><em>ςόετο</em></strong></span> <span class='ocrx_word' id='word_1_150' title='bbox 1102 2212 1172 2278; x_wconf 76' lang='grc' dir='ltr'><strong><em>τοῖς</em></strong></span> 
     </span>
     <span class='ocr_line' id='line_1_21' title="bbox 159 2295 1205 2391; baseline 0.008 -26"><span class='ocrx_word' id='word_1_151' title='bbox 159 2295 309 2388; x_wconf 91' lang='grc' dir='ltr'><strong><em>ἀρχαίοις</em></strong></span> <span class='ocrx_word' id='word_1_152' title='bbox 341 2307 469 2386; x_wconf 86' lang='grc' dir='ltr'><strong><em>ίχνεσιν</em></strong></span> <span class='ocrx_word' id='word_1_153' title='bbox 501 2302 535 2380; x_wconf 87' lang='grc' dir='ltr'><strong><em>ἐς</em></strong></span> <span class='ocrx_word' id='word_1_154' title='bbox 566 2297 607 2367; x_wconf 86' lang='grc' dir='ltr'><strong><em>τά</em></strong></span> <span class='ocrx_word' id='word_1_155' title='bbox 638 2304 777 2388; x_wconf 90' lang='grc' dir='ltr'><strong><em>θεμέλια</em></strong></span> <span class='ocrx_word' id='word_1_156' title='bbox 812 2304 1005 2391; x_wconf 78' lang='grc' dir='ltr'><strong><em>χρωμένους</em></strong></span> <span class='ocrx_word' id='word_1_157' title='bbox 1041 2305 1205 2391; x_wconf 72' lang='grc' dir='ltr'><strong><em>μέλλεινει</em></strong></span> 
     </span>
     <span class='ocr_line' id='line_1_22' title="bbox 160 2399 1172 2500; baseline 0.007 -29"><span class='ocrx_word' id='word_1_158' title='bbox 160 2409 215 2472; x_wconf 81' lang='grc' dir='ltr'><strong><em>ἔτι.</em></strong></span> <span class='ocrx_word' id='word_1_159' title='bbox 260 2399 366 2494; x_wconf 80' lang='grc' dir='ltr'><strong><em>ἡμέρᾳ</em></strong></span> <span class='ocrx_word' id='word_1_160' title='bbox 398 2403 436 2472; x_wconf 72' lang='grc' dir='ltr'><strong><em>δὲ</em></strong></span> <span class='ocrx_word' id='word_1_161' title='bbox 468 2401 530 2493; x_wconf 82' lang='grc' dir='ltr'><strong><em>ὅλη</em></strong></span> <span class='ocrx_word' id='word_1_162' title='bbox 561 2407 618 2474; x_wconf 83' lang='grc' dir='ltr'><strong><em>καὶ</em></strong></span> <span class='ocrx_word' id='word_1_163' title='bbox 645 2408 741 2475; x_wconf 83' lang='grc' dir='ltr'><strong><em>νυκτί</em></strong></span> <span class='ocrx_word' id='word_1_164' title='bbox 759 2412 908 2496; x_wconf 87' lang='grc' dir='ltr'><strong><em>συνεχῶς</em></strong></span> <span class='ocrx_word' id='word_1_165' title='bbox 935 2411 1172 2500; x_wconf 77' lang='grc' dir='ltr'><strong><em>ἐργασαμένων</em></strong></span> 
     </span>
     <span class='ocr_line' id='line_1_23' title="bbox 161 2509 1172 2604; baseline 0.006 -26"><span class='ocrx_word' id='word_1_166' title='bbox 161 2515 233 2578; x_wconf 84' lang='grc' dir='ltr'><strong><em>ἔστε</em></strong></span> <span class='ocrx_word' id='word_1_167' title='bbox 261 2510 314 2577; x_wconf 84' lang='grc' dir='ltr'><strong><em>ἐπὶ</em></strong></span> <span class='ocrx_word' id='word_1_168' title='bbox 339 2510 496 2599; x_wconf 88' lang='grc' dir='ltr'><strong><em>τέτταρας</em></strong></span> <span class='ocrx_word' id='word_1_169' title='bbox 522 2509 637 2600; x_wconf 81' lang='grc' dir='ltr'><strong><em>πήχεις</em></strong></span> <span class='ocrx_word' id='word_1_170' title='bbox 659 2509 769 2595; x_wconf 77' lang='grc' dir='ltr'><strong><em>ύήιους</em></strong></span> <span class='ocrx_word' id='word_1_171' title='bbox 792 2511 952 2604; x_wconf 87' lang='grc' dir='ltr'><strong><em>ήγείρετο,</em></strong></span> <span class='ocrx_word' id='word_1_172' title='bbox 979 2517 1036 2585; x_wconf 79' lang='grc' dir='ltr'><strong><em>καὶ</em></strong></span> <span class='ocrx_word' id='word_1_173' title='bbox 1063 2519 1172 2585; x_wconf 75' lang='grc' dir='ltr'><strong><em>ἕωθεν</em></strong></span> 
     </span>
     <span class='ocr_line' id='line_1_24' title="bbox 160 2612 1171 2712; baseline 0.009 -30"><span class='ocrx_word' id='word_1_174' title='bbox 160 2612 262 2702; x_wconf 86' lang='grc' dir='ltr'><strong><em>ῶφθη</em></strong></span> <span class='ocrx_word' id='word_1_175' title='bbox 299 2612 451 2705; x_wconf 88' lang='grc' dir='ltr'><strong><em>λαμπρόν</em></strong></span> <span class='ocrx_word' id='word_1_176' title='bbox 482 2618 538 2686; x_wconf 81' lang='grc' dir='ltr'><strong><em>καί</em></strong></span> <span class='ocrx_word' id='word_1_177' title='bbox 570 2621 744 2708; x_wconf 84' lang='grc' dir='ltr'><strong><em>νεουργές,</em></strong></span> <span class='ocrx_word' id='word_1_178' title='bbox 781 2623 919 2690; x_wconf 83' lang='grc' dir='ltr'><strong><em>ἐκείνων</em></strong></span> <span class='ocrx_word' id='word_1_179' title='bbox 951 2618 1032 2691; x_wconf 70' lang='grc' dir='ltr'><strong><em>ούδδ</em></strong></span> <span class='ocrx_word' id='word_1_180' title='bbox 1064 2618 1171 2712; x_wconf 87' lang='grc' dir='ltr'><strong><em>ἀκαρή</em></strong></span> 
     </span>
     <span class='ocr_line' id='line_1_25' title="bbox 159 2719 1170 2815; baseline 0.008 -28"><span class='ocrx_word' id='word_1_181' title='bbox 159 2719 283 2809; x_wconf 86' lang='grc' dir='ltr'><strong><em>χρόνον</em></strong></span> <span class='ocrx_word' id='word_1_182' title='bbox 314 2721 534 2810; x_wconf 89' lang='grc' dir='ltr'><strong><em>ἐνδιδόντων,</em></strong></span> <span class='ocrx_word' id='word_1_183' title='bbox 567 2727 815 2815; x_wconf 87' lang='grc' dir='ltr'><strong><em>διαδεχομένων</em></strong></span> <span class='ocrx_word' id='word_1_184' title='bbox 846 2725 884 2796; x_wconf 76' lang='grc' dir='ltr'><strong><em>δλ</em></strong></span> <span class='ocrx_word' id='word_1_185' title='bbox 915 2724 1080 2815; x_wconf 84' lang='grc' dir='ltr'><strong><em>ἀλλήλους</em></strong></span> <span class='ocrx_word' id='word_1_186' title='bbox 1114 2729 1170 2797; x_wconf 83' lang='grc' dir='ltr'><strong><em>παλ</em></strong></span> 
     </span>
     <span class='ocr_line' id='line_1_26' title="bbox 160 2822 1207 2926; baseline 0.008 -31"><span class='ocrx_word' id='word_1_187' title='bbox 160 2822 401 2910; x_wconf 84' lang='grc' dir='ltr'><strong><em>ἀκοντιζόντων</em></strong></span> <span class='ocrx_word' id='word_1_188' title='bbox 433 2831 467 2910; x_wconf 91' lang='grc' dir='ltr'><strong><em>ἐς</em></strong></span> <span class='ocrx_word' id='word_1_189' title='bbox 498 2828 579 2913; x_wconf 85' lang='grc' dir='ltr'><strong><em>τούς</em></strong></span> <span class='ocrx_word' id='word_1_190' title='bbox 605 2834 793 2920; x_wconf 82' lang='grc' dir='ltr'><strong><em>ἐφεστῶτας</em></strong></span> <span class='ocrx_word' id='word_1_191' title='bbox 818 2835 865 2926; x_wconf 76' lang='grc' dir='ltr'><strong><em>τῷ</em></strong></span> <span class='ocrx_word' id='word_1_192' title='bbox 896 2836 1037 2926; x_wconf 77' lang='grc' dir='ltr'><strong><em>κειμένῳ</em></strong></span> <span class='ocrx_word' id='word_1_193' title='bbox 1064 2840 1171 2922; x_wconf 86' lang='grc' dir='ltr'><strong><em>τείχει.</em></strong></span> <span class='ocrx_word' id='word_1_194' title='bbox 1184 2853 1207 2896; x_wconf 75' lang='lat'><strong><em>2⁶</em></strong></span> 
     </span>
    </p>
   </div>
   <div class='ocr_carea' id='block_1_4' title="bbox 149 3041 1173 3591">
    <p class='ocr_par' dir='ltr' id='par_1_4' title="bbox 149 3041 1173 3591">
     <span class='ocr_line' id='line_1_27' title="bbox 225 3041 1172 3123; baseline 0.007 -22"><span class='ocrx_word' id='word_1_195' title='bbox 225 3053 241 3100; x_wconf 81' lang='lat'>2</span> <span class='ocrx_word' id='word_1_196' title='bbox 259 3048 310 3102; x_wconf 89' lang='grc' dir='ltr'><strong><em>καλ</em></strong></span> <span class='ocrx_word' id='word_1_197' title='bbox 328 3041 423 3114; x_wconf 73' lang='grc' dir='ltr'><strong><em>τόξοις</em></strong></span> <span class='ocrx_word' id='word_1_198' title='bbox 441 3043 597 3117; x_wconf 86' lang='grc' dir='ltr'><strong><em>βάλλοντες</em></strong></span> <span class='ocrx_word' id='word_1_199' title='bbox 615 3053 709 3104; x_wconf 78' lang='lat' dir='ltr'><strong>addidi</strong></span> <span class='ocrx_word' id='word_1_200' title='bbox 726 3069 761 3104; x_wconf 78' lang='lat' dir='ltr'><strong><em>ex</em></strong></span> <span class='ocrx_word' id='word_1_201' title='bbox 780 3055 804 3104; x_wconf 87' lang='lat' dir='ltr'>V</span> <span class='ocrx_word' id='word_1_202' title='bbox 819 3053 824 3118; x_wconf 96' lang='grc' dir='ltr'>Ι</span> <span class='ocrx_word' id='word_1_203' title='bbox 840 3045 869 3115; x_wconf 81' lang='grc' dir='ltr'><strong><em>ές</em></strong></span> <span class='ocrx_word' id='word_1_204' title='bbox 886 3054 921 3123; x_wconf 88' lang='lat' dir='ltr'><strong><em>V]</em></strong></span> <span class='ocrx_word' id='word_1_205' title='bbox 940 3049 982 3116; x_wconf 88' lang='grc' dir='ltr'><strong><em>είς</em></strong></span> <span class='ocrx_word' id='word_1_206' title='bbox 1050 3059 1066 3107; x_wconf 84' lang='grc'><strong>3</strong></span> <span class='ocrx_word' id='word_1_207' title='bbox 1084 3073 1172 3122; x_wconf 85' lang='grc' dir='ltr'><strong><em>πρου-</em></strong></span> 
     </span>
     <span class='ocr_line' id='line_1_28' title="bbox 157 3115 1173 3238; baseline 0.006 -70"><span class='ocrx_word' id='word_1_208' title='bbox 157 3116 302 3170; x_wconf 82' lang='grc' dir='ltr'><strong><em>καλοῦντο</em></strong></span> <span class='ocrx_word' id='word_1_209' title='bbox 320 3115 357 3238; x_wconf 63' lang='lat' dir='ltr'><strong><em>H)</em></strong></span> <span class='ocrx_word' id='word_1_210' title='bbox 375 3116 588 3200; x_wconf 60' lang='grc' dir='ltr'><strong><em>ποοεκαλούνῑο</em></strong></span> <span class='ocrx_word' id='word_1_211' title='bbox 647 3124 665 3171; x_wconf 83' lang='lat'>4</span> <span class='ocrx_word' id='word_1_212' title='bbox 682 3117 725 3179; x_wconf 84' lang='grc' dir='ltr'><strong><em>είς</em></strong></span> <span class='ocrx_word' id='word_1_213' title='bbox 742 3122 874 3204; x_wconf 47' lang='lat' dir='ltr'><strong>om.&#39;VM</strong></span> <span class='ocrx_word' id='word_1_214' title='bbox 942 3125 958 3174; x_wconf 84' lang='grc'>6</span> <span class='ocrx_word' id='word_1_215' title='bbox 975 3127 1130 3189; x_wconf 78' lang='grc' dir='ltr'><strong><em>προσεῖχον</em></strong></span> <span class='ocrx_word' id='word_1_216' title='bbox 1148 3124 1173 3201; x_wconf 69' lang='lat' dir='ltr'><strong>y</strong></span> 
     </span>
     <span class='ocr_line' id='line_1_29' title="bbox 157 3181 1172 3256; baseline 0.007 -21"><span class='ocrx_word' id='word_1_217' title='bbox 157 3188 174 3236; x_wconf 84' lang='grc'>9</span> <span class='ocrx_word' id='word_1_218' title='bbox 191 3186 337 3252; x_wconf 85' lang='grc' dir='ltr'><strong><em>κατενεχθ</em></strong></span> <span class='ocrx_word' id='word_1_219' title='bbox 354 3203 408 3238; x_wconf 88' lang='grc' dir='ltr'><strong><em>ντα</em></strong></span> <span class='ocrx_word' id='word_1_220' title='bbox 426 3192 474 3237; x_wconf 80' lang='lat' dir='ltr'><strong><em>aut</em></strong></span> <span class='ocrx_word' id='word_1_221' title='bbox 492 3184 534 3247; x_wconf 84' lang='grc' dir='ltr'><strong><em>είς</em></strong></span> <span class='ocrx_word' id='word_1_222' title='bbox 552 3184 678 3254; x_wconf 87' lang='grc' dir='ltr'><strong><em>αβνσσου</em></strong></span> <span class='ocrx_word' id='word_1_223' title='bbox 702 3181 863 3254; x_wconf 81' lang='grc' dir='ltr'><strong><em>ένεχθευτα</em></strong></span> <span class='ocrx_word' id='word_1_224' title='bbox 883 3191 949 3242; x_wconf 85' lang='lat' dir='ltr'><strong>Rsk.</strong></span> <span class='ocrx_word' id='word_1_225' title='bbox 1020 3194 1052 3244; x_wconf 72' lang='lat'><strong><em>16</em></strong></span> <span class='ocrx_word' id='word_1_226' title='bbox 1070 3191 1172 3256; x_wconf 85' lang='grc' dir='ltr'><strong><em>βιασα-</em></strong></span> 
     </span>
     <span class='ocr_line' id='line_1_30' title="bbox 157 3247 1172 3322; baseline 0.005 -18"><span class='ocrx_word' id='word_1_227' title='bbox 157 3268 243 3318; x_wconf 86' lang='grc' dir='ltr'><strong><em>μενος</em></strong></span> <span class='ocrx_word' id='word_1_228' title='bbox 261 3253 336 3318; x_wconf 85' lang='lat' dir='ltr'><strong><em>VM]</em></strong></span> <span class='ocrx_word' id='word_1_229' title='bbox 354 3247 525 3319; x_wconf 85' lang='grc' dir='ltr'><strong><em>βιασόμενος</em></strong></span> <span class='ocrx_word' id='word_1_230' title='bbox 588 3258 618 3306; x_wconf 84' lang='grc'><strong><em>17</em></strong></span> <span class='ocrx_word' id='word_1_231' title='bbox 636 3247 703 3322; x_wconf 80' lang='grc' dir='ltr'><strong><em>γὰρ]</em></strong></span> <span class='ocrx_word' id='word_1_232' title='bbox 721 3258 777 3308; x_wconf 82' lang='lat' dir='ltr'><strong><em>Aut</em></strong></span> <span class='ocrx_word' id='word_1_233' title='bbox 794 3252 829 3308; x_wconf 81' lang='grc' dir='ltr'><strong><em>δλ</em></strong></span> <span class='ocrx_word' id='word_1_234' title='bbox 842 3258 1015 3310; x_wconf 73' lang='lat' dir='ltr'><strong>scribendum</strong></span> <span class='ocrx_word' id='word_1_235' title='bbox 1026 3275 1087 3311; x_wconf 82' lang='grc' dir='ltr'><strong><em>ειεε</em></strong></span> <span class='ocrx_word' id='word_1_236' title='bbox 1106 3275 1172 3310; x_wconf 79' lang='lat' dir='ltr'>eon-</span> 
     </span>
     <span class='ocr_line' id='line_1_31' title="bbox 153 3315 1172 3408; baseline 0.009 -39"><span class='ocrx_word' id='word_1_237' title='bbox 153 3318 227 3401; x_wconf 68' lang='grc' dir='ltr'><strong><em>χἐρίι</em></strong></span> <span class='ocrx_word' id='word_1_238' title='bbox 246 3322 306 3373; x_wconf 84' lang='lat' dir='ltr'><strong>Pet.</strong></span> <span class='ocrx_word' id='word_1_239' title='bbox 318 3326 374 3400; x_wconf 43' lang='lat' dir='ltr'><strong><em>&#39;aut</em></strong></span> <span class='ocrx_word' id='word_1_240' title='bbox 392 3322 533 3403; x_wconf 76' lang='lat' dir='ltr'><strong>quidpiam</strong></span> <span class='ocrx_word' id='word_1_241' title='bbox 551 3322 676 3402; x_wconf 63' lang='grc' dir='ltr'><strong><em>δεεεχιοςι</em></strong></span> <span class='ocrx_word' id='word_1_242' title='bbox 688 3325 754 3374; x_wconf 72' lang='lat' dir='ltr'><strong><em>sssk.</em></strong></span> <span class='ocrx_word' id='word_1_243' title='bbox 773 3324 845 3404; x_wconf 56' lang='lat' dir='ltr'><strong>legit</strong></span> <span class='ocrx_word' id='word_1_244' title='bbox 867 3315 896 3377; x_wconf 83' lang='grc' dir='ltr'><strong><em>δ’</em></strong></span> <span class='ocrx_word' id='word_1_245' title='bbox 916 3318 974 3393; x_wconf 84' lang='grc' dir='ltr'><strong><em>ἀρα</em></strong></span> <span class='ocrx_word' id='word_1_246' title='bbox 986 3332 1042 3408; x_wconf 41' lang='grc' dir='ltr'><strong><em>,αρτ</em></strong></span> <span class='ocrx_word' id='word_1_247' title='bbox 1059 3320 1172 3394; x_wconf 74' lang='grc' dir='ltr'><strong><em>ἤλπιζε.</em></strong></span> 
     </span>
     <span class='ocr_line' id='line_1_32' title="bbox 157 3392 1173 3527; baseline 0.012 -25"><span class='ocrx_word' id='word_1_248' title='bbox 157 3403 515 3520; x_wconf 54' lang='grc' dir='ltr'><strong><em>όῗλΐολλῖλωέελίλλ</em></strong></span> <span class='ocrx_word' id='word_1_249' title='bbox 529 3392 765 3524; x_wconf 46' lang='grc' dir='ltr'><strong><em>ἰῖιέλίλέῗῶ</em></strong></span> <span class='ocrx_word' id='word_1_250' title='bbox 783 3408 911 3527; x_wconf 66' lang='grc' dir='ltr'><strong><em>ίίὲ“ίῗέ</em></strong></span> <span class='ocrx_word' id='word_1_251' title='bbox 932 3395 1072 3514; x_wconf 53' lang='grc' dir='ltr'><strong><em>ἓλωόὲἳῗ</em></strong></span> <span class='ocrx_word' id='word_1_252' title='bbox 1094 3401 1173 3514; x_wconf 55' lang='lat'>9⁰2⁰&amp;</span> 
     </span>
     <span class='ocr_line' id='line_1_33' title="bbox 149 3503 915 3591; baseline 0.017 -21"><span class='ocrx_word' id='word_1_253' title='bbox 149 3516 255 3581; x_wconf 83' lang='grc' dir='ltr'><strong><em>μέλειν</em></strong></span> <span class='ocrx_word' id='word_1_254' title='bbox 272 3521 298 3571; x_wconf 86' lang='lat' dir='ltr'>V</span> <span class='ocrx_word' id='word_1_255' title='bbox 366 3524 399 3573; x_wconf 72' lang='lat'><strong><em>22</em></strong></span> <span class='ocrx_word' id='word_1_256' title='bbox 418 3511 512 3589; x_wconf 79' lang='grc' dir='ltr'><strong><em>ἀφους</em></strong></span> <span class='ocrx_word' id='word_1_257' title='bbox 529 3523 563 3591; x_wconf 87' lang='lat' dir='ltr'><strong><em>V]</em></strong></span> <span class='ocrx_word' id='word_1_258' title='bbox 582 3515 659 3591; x_wconf 73' lang='grc' dir='ltr'><strong><em>ὕψος</em></strong></span> <span class='ocrx_word' id='word_1_259' title='bbox 908 3503 915 3518; x_wconf 46' lang='lat'><strong>¹</strong></span> 
     </span>
    </p>
   </div>
   <div class='ocr_carea' id='block_1_5' title="bbox 0 0 1238 3870">
    <p class='ocr_par' dir='ltr' id='par_1_5' title="bbox 0 0 1238 3870">
     <span class='ocr_line' id='line_1_34' title="bbox 0 0 1238 3870; baseline 0 0"><span class='ocrx_word' id='word_1_260' title='bbox 0 0 1238 3870; x_wconf 95' lang='lat' dir='ltr'><strong><em> </em></strong></span> 
     </span>
    </p>
   </div>
  </div>
 </body>
</html>
