2446 3870
147 116 188 180 76
450 117 594 170 IULIANI
611 115 859 167 IMPERATORIS

146 245 314 333 τρόποτες,
350 248 412 313 τοῦ
453 242 497 332 μή
538 241 695 332 καθαρόν
732 238 846 322 αὐτοῖς
886 241 969 329 μηδὲ
1011 240 1163 331 ἀδακρυν

147 365 331 438 παρασχεῖν
358 349 420 438 τήν
447 358 546 438 νίκην
574 351 629 418 καὶ
657 348 695 418 τὸ
724 341 954 436 ἀποθνήσκειν
982 346 1161 417 ἀνταλλατ-

94 481 128 529 60
147 457 288 544 τόμευοι.
331 458 386 525 καί
414 460 517 525 ταῦτα
537 462 645 545 ἔδρων
673 452 715 525 ού
732 456 822 537 πεζοί
849 454 956 543 μόνον
982 453 1066 542 πρὸς
1084 453 1164 536 τούς

148 563 345 648 διώκοντας,
381 559 465 632 ἀλλά
501 565 557 631 καὶ
595 560 686 643 ὅσοις
722 564 790 630 τῶν
829 563 956 630 ἱππίων
992 557 1057 629 ύπὸ
1081 564 1164 629 ,τῶν

146 669 353 758 θραυμάτων
399 666 514 759 ἀχρεῖα
559 671 727 748 παντελῶς
768 667 914 754 ἐγεγόνει
954 665 994 734 τὰ
1037 667 1191 755 δόρατατ

149 777 287 862 [σφῶν].
325 777 439 856 ξυστοὶ
466 778 507 845 δέ
532 781 618 844 εἰσιν
637 772 799 863 εὐμήκεις,
828 770 887 854 οδς
910 774 1163 859 συμκαταννύν-

47 874 49 880 ⁴
148 908 199 961 τες
222 883 277 950 καὶ
297 880 533 970 ἀποπηδῶντες
552 887 599 963 είς
616 879 697 962 τούς
716 877 852 960 ὁπλίτας
879 880 1163 968 μετεσκευάζοντο.

148 988 203 1055 καὶ
236 988 360 1075 χρόνον
392 991 453 1077 μέν
489 1016 564 1058 τινα
596 990 745 1077 χαλεπῶς
781 987 837 1056 καὶ
870 987 964 1073 μόλις
996 983 1163 1073 ἀντεῖχον
1213 1031 1215 1034 <

149 1096 218 1162 ἐπεὶ
251 1095 288 1163 δὲ
321 1099 358 1164 οἵ
385 1121 421 1163 τε
455 1100 563 1176 ι’ππεῖς
600 1101 741 1181 ἔβαλλον
774 1095 809 1161 ἐκ
846 1093 953 1174 τόξων
983 1093 1165 1181 πόρρωθεν

150 1198 412 1289 ἀφιππαζόμενοι
439 1203 495 1269 καί
523 1206 558 1269 οί
582 1199 823 1290 θωρακοφόροι
850 1213 993 1279 πυκναῖς
1021 1196 1072 1267 ἐπ’
1103 1197 1162 1266 αύ-
1178 1227 1215 1292 ιο.ἰ

112 1305 228 1386 Βτοδς
257 1309 401 1393 ἐχρῶντο
429 1322 501 1387 ταῖς
528 1306 720 1375 ἐπελάσεσιν
743 1302 799 1374 ἅτε
828 1309 864 1374 ἐν
891 1311 995 1396 πεδίῳ
1023 1308 1164 1397 καθαρῷ

149 1412 205 1480 καὶ
232 1419 308 1503 λείῳ
339 1412 400 1493 νύξ
426 1439 461 1481 τε
490 1415 663 1500 ἐπέλαβεν,
692 1415 840 1482 ἐνταῦθα
869 1417 904 1481 οί
929 1411 990 1500 μὲν
1018 1408 1164 1498 ἀπέφευ-
1212 1472 1215 1482 .

149 1545 212 1604 νον
239 1515 393 1606 ἀσμενοι,
422 1524 457 1588 οί
483 1519 519 1588 δέ
547 1522 689 1589 ἐδίωκον
721 1522 886 1609 καρτερῶς
915 1516 989 1607 ἀχρι
1017 1521 1079 1586 τοῦ
1106 1517 1164 1605 χά-

150 1651 265 1712 ρακος,
302 1627 357 1693 καὶ
395 1622 500 1694 αύτδν
532 1629 689 1716 αἱροῦσιν
722 1623 838 1707 αύταῖς
874 1623 1076 1706 ἀποσκευαῖς
1107 1626 1164 1693 καὶ

150 1729 377 1820 ἀνδραπόδοις
403 1733 459 1800 καί
477 1731 640 1820 κτήνεσιν.
677 1730 861 1822 ἀρξαμένης
889 1735 937 1819 δέ,
965 1728 1046 1820 ὅπερ
1066 1737 1164 1818 ἔφην,
1179 1756 1205 1797 ιε

151 1834 225 1925 ἀρτι
251 1841 310 1926 τής
336 1841 461 1927 τροπής
492 1841 560 1907 τῶν
592 1846 760 1926 πολεμίων
791 1840 847 1907 καί
874 1842 942 1906 τῶν
970 1837 1165 1906 διωκόντων

151 1941 212 2013 ούκ
249 1941 426 2032 ἀνιέντων,
464 1946 516 2014 ἐπὶ
553 1944 590 2014 τὸ
627 1944 724 2015 λαιὸν
762 1942 947 2032 ῶθοῦνται,
989 1948 1107 2033 ἵναπερ
1146 1939 1163 2012 δ

150 2050 296 2138 ποταμὸς
324 2045 367 2140 ήν
393 2067 464 2134 τοῖς
491 2055 673 2142 κρατοῦσιν
701 2055 738 2120 ἐν
766 2054 865 2143 δεξιᾷ.
907 2053 1055 2119 ἐνταῦθα
1084 2049 1122 2118 δὲ
1146 2046 1164 2118 ό

149 2156 255 2238 πολύς
283 2160 412 2244 ἐγένετο
446 2159 566 2245 φόνος,
598 2160 655 2228 καὶ
688 2158 838 2246 ἐπλήσθη
870 2160 1000 2247 νεκρῶν
1028 2153 1167 2243 ἀνδρῶν

116 2288 184 2342 ςτε
216 2263 273 2331 καί
305 2268 416 2331 ἵππων
448 2261 576 2351 ἀναμίξ.
628 2262 669 2335 ού
702 2263 766 2355 γὰρ
800 2263 841 2352 δή
876 2261 893 2333 δ
922 2265 1038 2353 Δράος
1071 2263 1205 2355 ἐῳκειεο

151 2368 378 2460 Σκαμάνδρῳ,
416 2367 496 2438 οὐδὲ
529 2363 571 2458 ἦν
603 2368 743 2459 εὐμενής
779 2386 850 2452 τοῖς
886 2370 1088 2459 φεύγουσιν,
1122 2365 1167 2450 ῶς

150 2473 229 2555 τοὺς
257 2474 318 2562 μὲν
349 2474 490 2565 νεκρούς
522 2474 637 2559 αότοῖς
669 2475 784 2558 ὅπλοις
812 2480 952 2558 ἐξωθεῖν
979 2477 1034 2545 καὶ
1063 2473 1166 2566 ἀπορ-

152 2595 280 2667 ριπτεῖν
307 2584 374 2648 τῶν
403 2583 586 2671 ῥευμάτων,
614 2583 694 2665 τοὺς
717 2583 897 2666 ζῶνταςδέ
924 2583 1167 2670 ξυγκαλόπτειν

151 2687 207 2753 καὶ
235 2683 460 2777 ἀποκρύπτειν
488 2687 647 2778 ἀσφαλῶς
673 2705 744 2771 ταῖς
771 2683 890 2770 δίναις.
926 2692 1026 2767 τοῦτο
1055 2687 1119 2778 γὰρ
1148 2684 1167 2756 δ

151 2790 299 2912 παταμὸς
327 2790 461 2884 δΤρῶς
478 2794 581 2883 τυχόν
609 2796 669 2884 μὲν
688 2792 753 2864 ὑπὸ
782 2792 916 2877 εὐνοίας
944 2801 1035 2884 ἔδρα,
1062 2790 1206 2881 τυχόντι

221 3019 237 3066 2
256 3009 498 3082 ἀνταλαττόμενοι
517 3017 543 3068 V
610 3021 627 3067 4
645 3035 701 3068 των
720 3013 832 3070 [παίων
851 3017 958 3082 (ἳππων
976 3015 1015 3084 V)
1034 3019 1096 3068 Pet.
1113 3018 1169 3068 huc

152 3085 336 3150 transposuit·
359 3086 448 3163 vulgo
465 3086 538 3135 inter
555 3077 590 3135 τά
615 3091 643 3136 et
661 3077 771 3166 δόρατα
793 3087 926 3152 leguntur
995 3080 1168 3151 θθρανμά

152 3169 207 3202 των
226 3150 313 3218 eant]
333 3144 513 3232 τραυμάτων.
539 3154 602 3203 Pet.
615 3149 810 3234 θραυσμάτων
880 3153 996 3218 6σφῶν
1015 3151 1166 3232 ᾶσ1.Ρεῖ,Ι

152 3215 436 3285 ουχκαταμιηνύντες
453 3223 479 3274 V
547 3223 580 3271 10
589 3213 834 3304 ἐφιππαζόμενοι
853 3227 901 3272 aut
918 3214 1169 3288 παριππαζόμενοι
1210 3263 1214 3269 ,

153 3287 327 3337 scribendum
346 3290 456 3340 videtur
525 3291 556 3338 12
580 3280 734 3356 ἀπέφυγον
751 3290 780 3339 Μ
850 3294 884 3340 14
901 3285 1036 3355 αίροῦσιν
1053 3289 1121 3338 Rsk
1141 3293 1170 3338 et

152 3349 230 3420 H]’
213 3350 384 3420 ἀναιροῦσιν
454 3358 487 3408 15
505 3346 599 3436 ῶσπερ
618 3363 691 3413 cant
743 3361 782 3409 18
801 3353 844 3439 δε]
862 3356 913 3409 καί
931 3359 960 3408 Μ
1029 3359 1062 3408 20
1080 3351 1139 3407 δ’
1100 3371 1169 3421 ραος

152 3421 209 3471 VM
245 3421 385 3475 Suidasi.
405 3441 431 3474 v
502 3427 535 3474 22
559 3417 746 3504 ἀπρρριπτειν
764 3419 835 3492 V]’
818 3425 1016 3531 απορρίιττειν.
1046 3425 1082 3475 cf.
1100 3373 1168 3475 δθΙ)

152 3489 185 3536 23
203 3486 417 3553 ξυγκαλόπτειν
436 3491 469 3557 V]
488 3487 701 3558 συγκαλύπτειν
