2446 3870
470 175 605 227 οεετιο
625 177 672 228 ει,
723 252 725 254 -
1016 175 1079 240 259

142 300 317 389 Εὕφορον,
345 300 515 390 εὔκτητον,
543 309 654 390 τίμιον
682 308 728 384 εἰς
756 299 886 391 άρετην.

93 412 168 476 Τῶν
196 408 233 477 δέ
261 406 373 496 τυχὼν
388 405 512 498 Ἑρμῆν
539 410 595 477 καὶ
614 409 758 490 Μούσας
786 406 917 497 ίλάσομ’
948 405 1052 494 άγνάς

146 512 196 582 Οὐ
224 514 390 596 δαπάναις
417 530 610 604 τρυφεραῖς,
639 512 711 584 ἀλλ’
742 513 874 604 ἀρεταῖς
902 511 1019 597 ὁσίαις.

62 645 94 708 εί
118 639 181 728 χρή
210 659 264 707 σοι
291 640 367 728 περὶ
394 639 525 708 τούτων
557 639 715 728 γράφειν,
748 646 810 728 έχω
843 647 982 709 πλείονα
1014 643 1117 710 τοῦΒ

34 743 195 834 ιάνδρός.
247 743 396 832 έντνχων
428 745 465 814 δὲ
497 749 542 837 τῷ
576 753 746 835 Χαιρωνεί
775 746 980 838 Πλουτάρχῳ
1017 744 1079 815 τὸν

61 852 235 940 Κράτητος
262 849 497 940 άναγράιγαντι
523 859 601 939 βίον
621 849 725 921 οὐδὲν
743 855 779 920 έκ
797 855 967 941 παρέργου
995 881 1078 941 μαν-

61 958 183 1026 θάνειν
221 957 332 1046 δεήσει
368 956 429 1027 τὸν
461 956 578 1047 άνδρα.
630 950 750 1045 [οὗτος
781 954 917 1046 ἡγεμών
948 961 1077 1045 ἐγένετο

62 1064 196 1152 Ζήνωνι
224 1067 293 1132 τῶν
320 1067 431 1133 καλῶν
450 1063 636 1154 δογμάτων.
684 1066 735 1132 ἐπὶ
754 1063 876 1133 τούτου
896 1065 980 1152 φασί
999 1063 1079 1147 τοὺς

52 1168 217 1258 ’Έλληνας
254 1170 452 1259 ἐπιγράφειν
492 1186 562 1252 τοῖς
604 1172 733 1239 ἑαυτῶν
774 1180 879 1252 οίκοις
920 1173 972 1240 έπλ
1010 1176 1079 1240 των

19 1299 46 1337 1⁰
60 1283 294 1365 προπυλαίων·
322 1282 456 1358 είσοδος
483 1276 645 1365 Κράτητι,
671 1275 804 1369 Ἀγαθῷ
834 1281 1005 1366 Δαίμονι]
1057 1328 1064 1347 .

139 1380 225 1451 Ἀλλ’
256 1385 445 1471 ἐπανίωμεν
472 1380 523 1452 ἐπ’
554 1386 660 1452 έκεῖνο
693 1382 809 1469 πάλιν,
843 1381 895 1453 ὅτι
922 1382 984 1473 χρὴ
1018 1383 1079 1453 τὸν

61 1486 250 1577 ἀρχόμενον
281 1496 427 1571 κυνίζειν
455 1485 546 1580 αὐτῷ
578 1489 740 1578 πρότερον
772 1492 925 1578 ἐπιτιμᾶν
951 1494 1113 1579 πικρῶςθ

61 1595 119 1663 καὶ
158 1595 336 1683 ἐξελέγχειν
372 1597 427 1663 καὶ
465 1594 509 1684 μὴ
547 1595 755 1680 κολακεύειν,
799 1593 882 1664 ἀλλά
919 1596 1078 1679 ἐξετάζειν

63 1697 130 1784 ὅ,τι
158 1699 298 1786 μάλιστα
331 1697 436 1770 αὑτὸν
464 1699 624 1791 ἀκριβῶς,
657 1709 690 1770 εί
714 1704 754 1790 τῇ
787 1710 982 1793 πολυτελείᾳ
1010 1706 1100 1771 των,

20 1829 46 1866 15
62 1812 180 1874 σιτίων
207 1805 323 1896 χαίρει,
352 1813 383 1876 εί
409 1812 583 1896 στρωμνῆς
610 1815 714 1878 δεῖται
741 1811 899 1896 μαλακῆς,
927 1814 958 1876 εί
983 1813 1078 1896 τιμῆς

61 1909 83 2000 ἢ
112 1912 212 2000 δόξης
239 1915 329 1981 ἐστὶν
360 1912 483 2002 ἥττων,
517 1921 548 1984 εί
573 1918 670 1984 τοῦτο
705 1922 797 2001 ζηλοῖ
821 1913 858 1982 τὸ
886 1915 1077 2002 περιβλέπε-

62 2029 145 2086 σθαι
173 2026 245 2105 καί,
278 2024 309 2088 εἰ
336 2019 419 2110 (καί)
453 2007 554 2090 κενὸν
582 2031 648 2109 είη,
680 2027 791 2108 τίμιον
823 2017 912 2107 ὅμως
944 2025 1077 2106 νομίζει.

62 2123 147 2211 μηδὲ
183 2131 231 2206 είς
268 2124 523 2216 συμπεριφοράν
561 2125 669 2216 ὄχλων
700 2132 891 2214 καθείσθω,
923 2127 1076 2211 γενέσθω

62 2228 101 2299 δὲ
127 2235 258 2319 τρυφῆς
285 2232 369 2320 μηδὲ
397 2230 498 2324 άκρηι,
526 2240 621 2320 φασί,
648 2236 694 2325 τῷ
723 2232 887 2324 δακτύλῳ,
915 2235 977 2313 ἕως
1005 2228 1112 2322 (ἀν)Ι)

21 2357 46 2396 2⁰
61 2333 169 2424 αὐτὴν
197 2341 366 2420 παντελῶς
396 2339 536 2429 πατήση.
581 2339 655 2409 τότε
682 2336 747 2427 ἤδη
780 2340 835 2408 καὶ
867 2343 936 2407 τῶν
967 2339 1077 2408 τοιού-

59 2469 145 2529 των,
174 2438 218 2511 ἀν
244 2450 450 2533 προσπίπτη,
477 2456 592 2533 θιγεῖν
619 2443 723 2514 οὐδὲν
749 2445 878 2515 κωλύει.
924 2447 994 2514 ε’πελ
1022 2447 1078 2515 καλ

60 2552 130 2617 τῶν
161 2548 296 2638 ταάρων
329 2547 440 2619 ἀκούω
473 2549 554 2633 τούς
585 2548 848 2641 ἀσθενεστέρους
884 2553 1077 2632 ἐξίστασθαι

60 2659 120 2743 τῆς
154 2652 273 2743 ἀγέλης
309 2659 364 2724 καὶ
397 2654 476 2725 καθ’
512 2656 653 2739 ἑαυτοὺς
688 2660 893 2746 νεμομένους
930 2655 1077 2749 ἀγείρειν

60 2760 124 2848 τὴν
162 2759 260 2849 ἰσχὺν
297 2765 335 2830 ἐν
371 2766 462 2854 μέρει
499 2765 554 2834 καὶ
591 2762 662 2832 κατ’
698 2761 829 2873 ὀλίγον,
867 2761 934 2832 εἶθ’
970 2761 1077 2844 οὕτως

61 2972 159 3047 ἀγιεῖν
177 2991 246 3049 pet„
265 2978 353 3051 ἀσινῆ
371 2987 461 3037 altero
479 2987 552 3050 loco,
570 2979 834 3067 ἀγείρεινθολιελαε
904 2989 920 3036 5
938 2976 1075 3052 ἐντυχὼν]

60 3052 255 3104 Nominativus
273 3069 321 3118 pro
341 3057 501 3104 accusativo
520 3054 627 3120 positus
646 3060 689 3105 est
708 3055 805 3106 eadem
824 3053 1007 3104 anacoluthia
1018 3069 1076 3172 qua

61 3135 87 3183 p
108 3119 174 3170 190
202 3117 206 3186 Ι
234 3121 292 3172 Χαι
311 3124 384 3173 ωνει
398 3119 475 3202 Cob.]
495 3120 664 3186 Χαιρωνεία
750 3124 766 3170 6
789 3111 859 3172 οὗδδ
861 3137 878 3170 ν
896 3117 935 3184 Η]
956 3111 1050 3172 οάθέν
1069 3117 1073 3188 Ι

59 3181 208 3253 παρέργου
230 3139 309 3254 00δῖ
332 3183 479 3256 παρέργου
502 3188 554 3241 τοῦ
641 3174 733 3240 ί-ῙΟ
757 3188 850 3240 Verba
877 3189 987 3238 inclusa
1011 3189 1076 3238 sub·

59 3256 158 3305 dificia
181 3271 243 3307 οεεο
265 3256 338 3306 vidit
359 3256 515 3311 Horkelins.
551 3259 594 3312 cf
619 3256 720 3308 Suidas
740 3273 767 3306 v.
792 3249 906 3320 Κράτης
993 3257 1024 3306 17
1049 3252 1076 3308 εί

59 3320 111 3374 καλ
129 3323 198 3375 Βελι.
218 3329 247 3374 et
265 3321 343 3390 Cob.]
363 3319 390 3375 εί
458 3315 543 3391 18ὅχ
546 3327 584 3394 λῳ
603 3323 670 3376 Cob.
687 3321 865 3388 Ικαθείσθω
883 3319 1004 3402 Pet]
980 3317 1076 3390 καθή-

60 3392 133 3442 σθω.
171 3391 353 3443 scribendum
372 3389 481 3472 νίιλελμι·
499 3340 697 3462 καθαιρείσθω
783 3392 815 3442 19
827 3397 853 3440 et
864 3393 898 3441 λθ
905 3378 1004 3470 ἕως
987 3408 1024 3442 αν
1041 3418 1076 3428 -

59 3453 175 3527 πατήση
193 3453 269 3524 H]‘'
254 3474 357 3518 εως-
374 3453 506 3525 ποιήσει.
536 3460 570 3512 of.
591 3455 670 3510 86ss
745 3460 779 3510 20
801 3450 913 3510 τότιδ’
932 3450 991 3526 ἤδη
1009 3458 1075 3527 λλελς.

59 3530 91 3576 21
108 3515 214 3593 ’θιγειν
231 3523 270 3592 Η]
288 3525 390 3593 θίγειν

813 3611 870 3678 W?
