2446 3870
141 150 203 212 216
353 115 360 128 ’
437 149 581 200 mmm
602 148 854 200 ιωοαιιιινοιαε
925 107 927 113 ’

143 269 251 347 οὖσάν
279 277 343 362 [τε]
372 271 483 363 πηγὴν
511 273 573 362 μὲν
599 276 669 343 των
701 278 952 363 δημιουργικῶν
978 277 1087 362 θεῶν,
1115 274 1158 348 οὐ

142 383 394 469 καθελκομένην
422 379 460 449 δέ
491 386 539 461 είς
564 379 628 467 τὴν
660 381 793 467 γένεσιν
825 378 906 449 οὐδὲ
933 382 1156 471 θελγομένην·

99 487 231 565 Βοῦτω
260 486 323 578 γάρ
351 492 485 574 ἔμελλεν
513 481 530 554 6
559 488 661 574 μέγας
679 483 787 566 ’Ἀττις
813 488 869 554 καλ
892 501 1042 577 κρεῖττον
1070 485 1158 559 εἶναι

144 593 362 683 δημιουργός,
395 594 526 679 ἐπείπερ
560 594 596 660 έν
627 595 730 662 πᾶσιν
763 588 783 681 ἡ
820 589 902 683 πρὸς
939 591 976 661 τὸ
1008 607 1159 682 κρεῖττον

145 697 329 789 ἐπιστροφὴ
356 698 484 786 μᾶλλόν
503 700 572 767 ἐστι
591 698 790 787 δραστήριος
807 701 865 787 της
886 696 971 786 πρὸς
989 697 1026 768 τὸ
1045 715 1187 790 χείρονι

145 807 297 886 νεύσεως.
340 807 409 873 ἐπεὶ
428 807 483 874 καὶ
510 802 547 873 τὸ
566 806 715 892 πέμπτον
743 807 837 891 σῶμα
860 803 969 896 τούτω
997 810 1158 897 δημιουρ-

145 911 326 1000 γικιίτερόν
354 913 423 981 έστι
450 913 518 980 τῶν
544 912 624 1000 τῇδε
651 912 708 980 καὶ
733 910 926 999 θειότερον,
958 913 1004 1002 τῷ
1032 916 1160 998 μάλλον

146 1018 334 1107 έστράφθαι
361 1017 446 1106 πρὸς
472 1015 552 1097 τοὺς
578 1015 693 1103 θεούς,
720 1019 794 1086 έπεί
817 1043 867 1085 τοι
895 1013 933 1085 τὸ
962 1019 1067 1104 σῶμα,
1095 1015 1160 1088 κάν

147 1127 284 1212 αἰθέρος
315 1115 337 1212 ᾖ
364 1126 425 1192 τοῦ
452 1122 709 1210 καθαρωτάτου,
738 1122 822 1210 [καὶ]
850 1124 959 1211 ψυχῆς
990 1119 1161 1211 άχράντον

146 1232 202 1298 καλ
233 1231 400 1316 καθαράς,
433 1223 554 1297 ὁποίαν
585 1227 646 1315 την
670 1223 870 1315 Ἡρακλέους
902 1225 920 1298 6
954 1229 1161 1318 δημιουργὸς
1174 1257 1203 1297 ιο

147 1337 336 1422 ἐξέπεμψεν,
365 1329 476 1414 οὐδεὶς
503 1329 547 1401 άν
565 1338 671 1402 είπείν
689 1347 840 1422 κρεῖττον
866 1333 1046 1421 τολμήσειε.
1086 1336 1162 1406 τότε

96 1469 146 1518 167
152 1441 266 1528 μέντοι
292 1431 336 1527 ἦν
363 1466 398 1507 τε
420 1440 476 1507 καὶ
496 1439 602 1509 ἐδόκει
630 1441 757 1527 μάλλον
785 1441 993 1531 δραστήριος,
1022 1437 1076 1509 ὅτε
1100 1438 1161 1512 αὖ·

146 1543 208 1634 τὴν
236 1551 360 1615 ἔδωκεν
388 1546 497 1632 ἐκείνη
517 1544 651 1633 σώματι.
693 1547 762 1615 ἐπεὶ
781 1547 837 1616 καὶ
856 1544 947 1638 αὐτῷ
975 1549 1040 1615 νῦν
1060 1542 1161 1636 Ἡρα-

147 1661 220 1722 κλεῖ
250 1649 316 1743 ὅλῳ
348 1648 431 1740 πρὸς
467 1648 548 1721 ὅλον
584 1651 784 1743 κεχωρηκότι
815 1651 876 1720 τὸν
911 1654 1036 1741 πατέρα
1068 1655 1163 1744 ῥᾴων

146 1755 168 1847 ἡ
195 1759 326 1828 τούτων
354 1759 518 1845 ἐπιμέλεια
549 1759 756 1846 καθέστηκεν
782 1755 804 1846 ἢ
831 1757 994 1848 πρότερον
1020 1750 1078 1846 ἦν,
1107 1757 1163 1830 ὅτε
1175 1784 1203 1826 ιε

148 1869 185 1935 ἐν
211 1880 281 1946 τοϊς
309 1861 504 1954 ἀνθρώποις
531 1871 652 1954 σαρκία
679 1867 797 1953 φοράν
824 1866 1008 1953 έστρέςοετο.
1055 1862 1164 1948 οὕτως

149 1975 186 2040 ἐν
212 1975 293 2041 πάσι
321 1971 520 2061 δραστήριος
546 1974 673 2060 μάλλον
699 1966 824 2059 ἡπρός
850 1968 888 2041 τὸ
906 1988 1057 2061 κρεῖττον
1080 1968 1161 2042 ἀπό-

149 2099 264 2160 στασις
291 2081 349 2166 τῆς
368 2080 420 2147 ἐπὶ
447 2076 485 2147 τὸ
504 2092 617 2167 χεῖρον
645 2080 801 2167 στροφῆς.
843 2073 861 2146 6⁸
890 2075 932 2166 δὴ
956 2078 1163 2167 βουλόμενος

150 2180 167 2253 6
196 2188 306 2271 μῦθος
343 2183 474 2263 διδάξαι
488 2254 492 2262 .,
506 2184 704 2272 παραινέσαι
732 2185 815 2272 φησὶ
842 2182 905 2272 τὴν
931 2185 1071 2274 Μητέρα
1095 2189 1163 2254 των

148 2292 242 2358 θεῶν
268 2291 314 2379 τῷ
334 2286 460 2356 ’Ἁττιθι
486 2288 689 2375 θεραπεύειν
716 2284 823 2377 αὑτὴν
841 2291 896 2358 καὶ
923 2290 1004 2380 μήτε
1032 2287 1162 2377 άποχω-
1176 2314 1206 2354 ω

109 2409 224 2483 Βρείν
255 2393 335 2481 μήτε
371 2395 452 2481 έράν
484 2391 593 2480 άλλης.
644 2389 662 2462 ὁ
700 2394 737 2463 δέ
773 2399 945 2483 προῆλθεν
981 2395 1058 2484 άχρι
1095 2399 1164 2465 τάν

151 2498 297 2587 έσχάτων
323 2496 382 2586 της
408 2495 490 2586 ὕλης
516 2497 696 2568 κατελθών.
743 2502 813 2570 ἐπεὶ
841 2500 878 2571 δὲ
906 2505 1007 2593 ἐχρῆν
1033 2500 1163 2570 παύσα-

111 2643 114 2649 ·
151 2611 236 2674 σθαί
265 2629 344 2674 ποτε
376 2605 432 2672 καὶ
465 2607 582 2693 στῆναι
614 2604 676 2695 τὴν
708 2604 877 2697 ἀπειρίαν,
910 2609 1071 2698 Κορύβας
1102 2607 1164 2695 μὲν

151 2707 173 2780 ὅ
198 2712 299 2799 μέγας
318 2707 446 2797 Ἥλιος,
479 2707 497 2780 6
526 2711 718 2800 σύνθρονος
745 2716 785 2801 τῇ
812 2715 926 2804 Μητρὶ
953 2716 1009 2782 καὶ
1038 2718 1164 2801 συνδη-

150 2819 324 2908 μιουργῶν
352 2813 436 2906 αὐτῇ
463 2815 503 2886 τά
521 2817 629 2887 πάντα
656 2820 712 2887 καλ
740 2818 1089 2907 συμπρομηθοάμενος
1107 2819 1164 2888 καλ
1177 2840 1205 2881 25

152 2922 254 2994 οὐδὲν
280 2923 435 3014 πράττων
462 2919 564 3011 αὐτῆς
592 2930 679 3011 δίχα,
706 2929 816 2993 πείθει
834 2923 894 2993 τὸν
912 2923 1030 2994 λέοντα
1057 2952 1164 3013 μηνυ-

151 3029 213 3119 τὴν
249 3032 417 3118 γενέσθαι.
467 3036 516 3110 τίς
553 3029 591 3098 δὲ
628 3025 646 3098 6
682 3032 783 3112 λε’ων;
820 3039 953 3099 αθθωνα
990 3031 1166 3119 δήπουθεν

223 3239 236 3286 1
256 3252 287 3287 τε
304 3235 418 3286 inclusit
435 3235 463 3284 H
543 3238 559 3286 ³
576 3232 717 3300 κρεῖττον]
738 3233 875 3300 κρείττων
892 3236 920 3286 Η
999 3238 1015 3287 8
1040 3227 1106 3287 ίτιεί
1121 3250 1166 3286 τοι

80 3366 81 3369 ¹
153 3300 191 3369 H]
213 3296 276 3354 ἐπεὶ
294 3301 333 3369 τῷ
351 3303 455 3366 Regius
474 3302 590 3363 Petavii,
608 3294 720 3353 ἐπείτε
737 3318 755 3354 v
816 3300 899 3355 θκαλ
917 3303 1032 3354 inclusit
1050 3303 1076 3353 H
1133 3305 1166 3353 10

147 3363 323 3435 Ἡρακλέους
341 3369 377 3436 Η]
392 3365 549 3433 Ἡρακλέος
623 3372 653 3420 11
673 3363 772 3429 οὐδεὶς
790 3367 826 3435 Η]
845 3364 947 3430 οάθελς
1021 3372 1054 3420 12
1072 3362 1166 3454 αὐτην

152 3437 189 3498 Η]
209 3431 303 3502 αὐτὴν
384 3441 415 3488 16
433 3430 587 3502 ἐστρέφετο
605 3434 642 3502 Η]
662 3429 799 3502 ἐτρέφετο
881 3441 912 3489 17
935 3430 966 3490 ἐν
983 3435 1055 3489 πάσι
1072 3435 1109 3503 Η]
1128 3453 1166 3502 ην

152 3499 223 3554 πᾶσι
292 3506 325 3554 20
343 3497 436 3569 αὐτὴν
455 3501 494 3570 Η]
515 3496 607 3569 αὐτὴν
