2414 3862
336 205 339 210 .
420 172 624 224 εειενοπτυ
642 175 684 224 ω.
704 175 744 225 50.
1028 162 1093 238 555

76 307 113 375 δὲ
136 308 252 395 μηδεὶς
274 306 387 376 αὐτῶν
410 316 488 377 είσω
511 306 727 437 στρατιώτης,
746 308 886 378 επεσθω
910 308 948 377 δ
971 307 989 378 ὁ
1013 315 1092 395 βου-

74 412 231 501 λόμενος·
270 413 337 502 ἅμα
365 413 430 502 γὰρ
457 403 504 495 είς
531 415 592 483 τὸν
615 413 720 483 ούδὸν
743 406 828 502 ἦλθε
851 418 912 483 τοῦ
934 417 1092 504 τεμένους

74 521 131 588 καὶ
154 512 302 608 γέγονεν
334 520 501 608 ίδιύτης.
523 519 633 609 ἀρχεις
665 519 729 610 γὰρ
757 518 875 606 αύτός,
906 519 951 600 ὡς
978 521 1135 608 οἶσθα,])

74 629 143 694 τῶν
174 631 292 714 ἔνδον,
324 628 394 697 ἐπεὶ
423 625 522 696 καθ’
507 655 525 696 ο
553 637 649 708 θεῖος
674 631 778 695 ταῦτα
805 625 938 695 ἀπαιτεῖ
956 625 1139 715 θεσμός.

48 732 132 799 τκαὶ
160 737 196 800 ολ
219 733 281 822 μὲν
308 733 506 821 πειθόμενοι
528 733 611 802 κατὰ
633 730 800 822 ἀλήθειάν
823 737 887 800 εἰσι
909 741 1091 821 θεοσεβεῖς,

77 840 113 907 οί
142 839 180 906 δὲ
211 837 427 926 ἀπεχόμενοι
457 843 519 908 τοῦ
551 838 662 926 τύφου
695 838 873 922 δοξοκόποι
907 840 998 924 [εἰσὶ]
1035 843 1091 909 καὶ

75 943 257 1028 κενόδοξοι.
1077 1017 1089 1024 ,,
1111 1037 1112 1040 ¹

169 1056 215 1140 Τῇ
248 1057 474 1122 Πεσσινοῦντι
510 1053 708 1138 βοηθεῑν“
688 1051 819 1139 ετοιμός
850 1055 933 1138 είμι,
970 1057 1001 1120 εί
1029 1054 1092 1140 τὴν

76 1157 201 1244 μητέρα
223 1162 291 1226 τῶν
314 1162 407 1227 θεων
430 1159 530 1226 ἵλεων
552 1157 818 1244 καταστήσουσιν
841 1158 985 1238 ἑαυτοῖς
1016 1158 1091 1247 ἀμε-

36 1287 62 1327 10
76 1268 213 1344 λούντες
241 1264 278 1333 δὲ
305 1262 408 1352 αύτῆς
435 1261 497 1333 ούκ
524 1263 686 1394 ἄμεμπτοι
708 1263 831 1352 μόνον,
863 1261 955 1334 ἀλλὰ
971 1264 1092 1354 πικρὸν

32 1431 36 1438 .
76 1376 182 1439 εἰπεῖν
204 1370 249 1458 μὴ
273 1373 390 1439 καὶ
351 1398 409 1458 της
431 1370 509 1459 παρ’
535 1369 631 1458 ἡμῶν
651 1368 866 1439 ἀπολαύσωσι
885 1374 1091 1457 δυσμενείας
1160 1380 1163 1384 ’

123 1473 174 1544 Ού
195 1477 259 1564 ηάρ
282 1504 339 1563 μοι
362 1479 461 1563 θέμις
484 1467 552 1544 ἐστὶ
575 1480 749 1564 κομιζέμεν
771 1473 845 1544 οὐδ’
872 1476 1034 1565 ἐλεαίρων
1091 1495 1143 1542 431

119 1579 267 1669 Ἀνέρας,
291 1586 327 1650 οἵ
346 1608 383 1650 κε
405 1592 540 1651 θεοῖσιν
563 1580 750 1668 ἀπέχθωντ’
776 1580 1008 1650 ἀθανάτοισιν.

62 1694 173 1755 ’πεῖθε
204 1693 322 1756 τοίνυν
354 1685 493 1773 αύτούς,
525 1692 557 1755 εί
586 1691 645 1774 τῆς
671 1685 749 1775 παρ’
781 1689 864 1773 ἐμοῦ
890 1691 1091 1774 κηδεμονίας
1105 1713 1130 1751 ω

35 1823 61 1864 15
76 1791 287 1880 ἀντέχονται,
319 1795 487 1881 πανδημεὶ
518 1798 576 1880 τῆς
607 1791 731 1883 μητρὸς
760 1796 830 1860 τῶν
860 1797 953 1860 θεῶν
986 1795 1093 1874 ίκέτας
1185 1850 1187 1854 .

76 1901 244 1986 γενέσθαι.

134 2059 174 2126 ν’.
197 2057 418 2140 Ἰουλιανὸς
438 2056 617 2150 Ἐκδικίω
642 2057 794 2149 ἐπάρχῳ
817 2057 1032 2143 Αἰγύπτου.
1109 2063 1132 2115 Β

160 2181 206 2250 Ἡ
228 2181 290 2270 μὲν
316 2189 478 2271 παροιμία
506 2189 611 2270 φησίν
629 2234 654 2268 .,,
663 2184 736 2270 ἐμοὶ
764 2181 807 2250 σύ
835 2187 945 2269 διηγεϊ
965 2179 1092 2268 τούμδν

76 2288 199 2376 όναρ“,
236 2290 300 2378 ἐγὼ
334 2289 364 2358 δ’
395 2295 487 2359 ἔοικα
519 2291 574 2358 σοὶ
606 2288 735 2357 τδ-σὸν
761 2287 850 2377 ὕπαρ
879 2287 1091 2375 ἀφηγεῖσθαι.

34 2427 62 2466 20
75 2395 194 2481 πολύς,
227 2403 347 2483 φασίν,
378 2394 396 2464 δ
421 2403 545 2476 Νεῖλος
572 2391 689 2483 ἀρθεὶς
715 2396 877 2483 μετέωρος
903 2408 974 2473 τοίς
993 2393 1091 2529 κη’χε·

76 2521 133 2569 σιν
166 2502 336 2632 ἐπλήρωσε
367 2506 479 2571 πᾶσαν
510 2529 573 2590 την
600 2512 787 2590 Αἴγυπτον·
824 2507 857 2571 εί
884 2502 921 2570 δὲ
949 2501 1004 2568 καὶ
1031 2497 1092 2568 τὸν

66 2604 225 2695 ἀριθμὸν
250 2607 391 2676 ἀκούσαι
413 2617 585 2711 ποθεῖς,ε
569 2614 617 2688 είς
639 2636 702 2696 την
724 2607 841 2676 είκάδα
862 2612 924 2677 τοῦ
947 2615 1092 2693 Σεπτεμ-

11 2775 12 2779 ,
75 2720 176 2802 βρίου
198 2716 398 2804 τρὶςπεντε.
435 2713 555 2802 μηνύει
579 2714 743 2783 δὲταῦτα
764 2710 968 2804 Θεόφιλος”
953 2740 971 2781 ο
995 2731 1091 2798 στρυ-

75 2820 290 2909 τοπεδάρχης.
340 2826 371 2888 εί
400 2827 518 2889 τοίνυν
550 2817 720 2906 ἠγνόησας
751 2817 850 2904 αὐτό,
886 2816 964 2904 παρ’
997 2816 1130 2905 ημωνΟ

34 2954 62 2996 25
77 2925 213 2996 ἀκούων
236 2924 432 3014 εὐφραίνου.

144 3119 162 3166 4
184 3116 268 3174 θεῖος
287 3112 487 3195 Sozqmenus]
482 3114 565 3172 θεοῖς
634 3115 651 3163 5
674 3108 730 3164 είσὶ
748 3111 852 3163 delevit
857 3112 990 3186 „Sintenis
1060 3114 1091 3162 12

76 3185 178 3247 Odyss.
196 3200 227 3248 κ,
247 3181 299 3247 131
327 3171 393 3234 ούδ
413 3168 489 3246 ΗΜ
561 3184 592 3232 13
611 3171 717 3244 ἀνέρας
735 3177 833 3247 Hrch.]
848 3166 984 3259 ανδραςῑ
1011 3177 1045 3230 σί
1058 3195 1091 3230 κε

76 3248 160 3318 Cob.]
180 3248 209 3302 οἳ
221 3221 406 3330 καὶΙθεοῖς
414 3255 495 3299 mart.
513 3252 566 3314 pet.
614 3250 678 3298 18-
681 3249 714 3298 19
722 3237 1027 3324 ἕμοὶ-ἀφηηεισθαι
1044 3249 1091 3298 cit.

76 3319 177 3374 Suidas
195 3334 221 3369 v.
228 3307 312 3397 ύπαρ
332 3320 363 3369 18
377 3308 411 3368 σύ
425 3315 454 3368 δι
476 3332 521 3400 χει
513 3313 614 3382 00.b]
630 3306 665 3367 σύ
677 3313 709 3365 δι
722 3307 895 3380 ’.,ηεΝωεή
915 3307 949 3366 σύ
963 3311 1092 3392 διηχη
1065 3331 1083 3360 v

76 3382 184 3453 διηηου
204 3377 239 3438 σύ
258 3385 330 3436 Suid.
403 3387 434 3435 19
457 3334 477 3435 δ
507 3379 594 3468 811111]
615 3377 648 3434 δὲ
678 3381 683 3446 Ι
710 3330 792 3434 {locum
810 3379 855 3434 σοὶ
872 3379 989 3450 Vmart]
1011 3351 1092 3432 ἔοικύ

76 3469 122 3506 σοι
139 3470 172 3517 v,
192 3468 237 3504 σοι
256 3469 307 3508 om.
325 3451 401 3506 Suid.
440 3455 474 3503 20
492 3449 583 3517 φασίν
600 3448 700 3516 Hrch.]
721 3449 810 3517 φησίν
845 3453 1092 3513 21ε113σεπτε-

75 3520 161 3589 βρίου
178 3523 286 3573 Vmart.
