2416 3864
136 124 200 189 330
443 125 584 176 IULIANI
603 106 849 176 ἰαειιεινοωιε

139 239 201 333 ἔξω
227 251 400 339 θαλάσσης
432 248 599 336 ἅψασθαι,
632 252 688 319 καί
716 253 794 318 Νῦν
822 249 883 338 μὲν
915 246 996 341 ὁρᾷς
1025 247 1044 320 ὁ
1072 275 1147 340 προ-

138 358 245 445 φήτης
280 360 371 444 λέγοι
406 364 496 445 τείχη
534 357 589 425 καί
622 357 771 444 λιμένας,
804 359 873 425 ἐκεῖ
903 356 940 425 δὲ
972 357 1148 444 γενόμενος

139 461 220 532 οῦδὲ
247 462 390 532 σκοπιάν
418 459 498 531 οῦδὲ
521 465 645 551 πέτραν
673 460 759 549 ὄψει,
787 459 867 534 ἀλλ’,
889 457 1071 550 ἀγαπήσεις
1095 464 1148 531 καί

137 573 225 638 ναῦν
253 569 432 659 πόρρωθεν
456 566 602 637 κατιδὼν
619 583 813 657 προσειπεῖν
836 566 915 650 τοῦς
942 571 1149 657 ἐμπλέοντας,

138 678 193 744 καὶ
225 678 284 772 τής
317 679 377 764 γῆς
409 672 474 756 ὀψέ
503 700 582 743 ποτε
615 670 783 761 άήάμενος
814 679 860 765 τῷ
892 677 963 766 θεῷ
995 675 1167 754 πολλάκιςι

140 780 347 872 (προσεύξῃ),
374 778 458 869 πρὸς
477 777 566 872 αύτῷ
585 784 670 867 γοῦν
688 784 733 871 τῷ
752 782 836 849 τέλει
854 783 915 849 τοῦ
933 787 1013 868 βίον
1030 796 1148 868 ,τυχεῖν

87 885 255 982 εῖοιῦρμου
282 888 338 956 καί
365 887 427 975 τήν
454 914 489 955 τε
516 890 604 956 ναῦν
632 886 724 955 σώαν
750 890 966 976 παραδοῦναι
992 888 1049 954 καί
1076 884 1149 977 τοῦς

138 996 340 1082 ἐμπλέοντας
367 989 509 1074 ἀπαθεῖς
540 1007 610 1073 τοῖς
638 997 774 1073 οἰκείοις
797 995 918 1061 ’κακῶν
944 995 1149 1081 παραστῆσαι

138 1102 194 1169 καί
221 1098 258 1168 τὸ
279 1103 374 1188 σῶμα
401 1102 441 1188 τῇ
460 1101 558 1188 μητρὶ
586 1101 628 1189 γή
648 1101 780 1185 δοῦναι,
807 1097 965 1166 τοῦτοδὲ
992 1098 1149 1185 έσόμενον

140 1215 221 1286 ίσως
249 1203 376 1293 άδηλον
404 1210 495 1272 ἔσται
523 1225 576 1272 σοι
604 1207 699 1293 μέχρι
725 1207 783 1295 μής
810 1210 999 1285 τελευταίας
1027 1207 1149 1292 έκείνης
1159 1225 1176 1264 1⁰

139 1308 274 1399 ἡμέρας·
302 1301 356 1398 ἆρ’
387 1319 449 1378 οίει
476 1310 607 1378 τούτων
635 1306 826 1386 άιιούσαντα
845 1313 913 1378 των
936 1310 1050 1396 λόγων
1074 1313 1148 1379 έκεῖ-

32 1463 34 1467 -
138 1443 202 1484 νον
233 1415 332 1484 πόλιν
364 1419 449 1501 γοῦν
482 1421 587 1484 οίκεῖν
625 1417 760 1485 ἑλέσθαι
791 1423 934 1504 πλησίον
970 1413 1148 1504 θαλάσσης,

140 1519 215 1609 ούχὶ
244 1519 280 1589 δέ
308 1527 437 1610 χαίρειν
465 1522 601 1591 εἰπόντα
620 1522 752 1614 πλούτῳ
771 1524 916 1602 καὶτοῖς
935 1522 968 1602 ἐξ
996 1523 1149 1612 ἐμπορίας

140 1624 284 1714 ἀγαθοῖς
310 1630 613 1716 περιγιγνομένοις,
641 1635 820 1716 γνωρίμων
847 1629 995 1713 πολλῶν,
1026 1631 1149 1715 ξενικῆς

104 1740 265 1822 Βφιλίας,
293 1737 440 1824 ίστορίας
459 1737 571 1803 ἐθνῶν
589 1734 645 1803 καί
663 1734 794 1802 πόλεων
821 1728 1025 1822 ὑπεριδόντα
1045 1732 1149 1822 σοφὸν
1159 1753 1175 1795 15

140 1837 343 1928 ἀποφαίνειν
379 1838 439 1909 τὸν
477 1843 537 1909 τοῦ
570 1841 772 1925 Νεοκλέους,
805 1836 843 1920 ὃς
874 1837 998 1908 κελεύει
1038 1849 1149 1909 λαθεῖν

139 1945 323 2034 βιώσαντας
357 1948 413 2016 καὶ
441 1943 484 2015 σύ
513 1946 550 2015 δέ
578 1952 687 2026 ἔοικας
713 1949 812 2025 τοῦτο
840 1945 1048 2034 καταμαθὼν
1075 1971 1149 2034 προ-

140 2053 408 2141 καταλαμβάνειν
440 2049 526 2140 ήμᾶς
552 2066 625 2133 ταῖς
656 2057 703 2132 είς
729 2049 791 2119 τὸν
815 2047 1014 2141 Ἐπίκουρον
1046 2058 1149 2121 λοιδο-

141 2166 228 2246 ρίαις
260 2160 316 2227 καί
352 2161 561 2248 προεξαιρεῖν
597 2157 659 2246 τήν
696 2157 855 2246 τοιαύτην
891 2157 1039 2245 γνώμην.
1091 2156 1151 2245 φής

142 2264 206 2354 γάρ
237 2289 305 2333 που
339 2262 462 2351 σχολήν
494 2266 642 2332 ἐπαινεῖν
674 2261 873 2353 άπράγμονα
905 2264 959 2332 καὶ
997 2266 1180 2346 ὃιαλέξειςν

102 2372 179 2439 Οέν
206 2369 400 2457 περιπάτοις
431 2369 611 2458 προσήκειν
638 2372 763 2461 έκείνμ.
808 2367 872 2454 έγώ
900 2369 938 2438 δὲ
960 2367 1012 2438 ὅτι
1036 2369 1097 2457 μὲν
1116 2363 1152 2438 ού

143 2478 251 2554 καλῶς
281 2471 464 2566 Ἐπικούρῳ
496 2479 601 2544 ταῦτα
634 2475 756 2561 ἐδόκει,
792 2475 893 2544 πάλαι
929 2476 985 2544 καὶ
1023 2476 1152 2564 σφόδρα

143 2587 320 2667 πείθομαι·
354 2586 385 2648 εί
412 2581 449 2649 δέ
476 2579 581 2651 πάνθ’
612 2578 772 2651 ὁντινοῦν
799 2583 851 2650 ἐπὶ
879 2586 1051 2677 πολιτείαν
1077 2607 1152 2670 προ-

143 2689 276 2777 τρέπειν
312 2684 427 2773 άξιον,
464 2689 519 2756 καὶ
556 2686 616 2757 τὸν
652 2680 753 2774 ήττον
792 2687 964 2775 πεφυκότα
1004 2690 1061 2756 καὶ
1098 2685 1153 2756 τὸν

145 2792 240 2863 ούπω
267 2794 388 2876 τελέως
414 2794 616 2882 δυνάμενον,
644 2795 697 2862 ἐπὶ
715 2801 870 2862 πλεῖστον
889 2802 970 2874 ίσως
997 2796 1182 2883 ιλιαπορή-ῖ,5

209 3022 226 3067 4
244 3011 419 3081 ἐμπλέοντας
437 3015 471 3084 V]
490 3009 680 3076 ἐπιπλέοντας
766 3019 781 3067 6
804 3012 946 3083 προσεύξῃ
971 3017 1069 3068 deesse
1087 3017 1160 3081 vidit*

144 3085 277 3136 Petavius
363 3089 378 3136 7
402 3084 479 3136 σῶαν
498 3087 535 3149 V,
555 3088 656 3149 inquo
676 3085 824 3135 nescioan
844 3082 1005 3135 Ιολειιισῦν
1075 3077 1154 3136 δέ·

142 3147 284 3211 πλέοντας
301 3150 337 3217 V]
359 3145 549 3211 ἐπιπλέοντας
563 3167 589 3208 v,
609 3147 803 3216 συμπλέοντας
822 3150 888 3201 Oob.
959 3154 990 3202 11
1009 3149 1079 3217 οἴει]
1091 3100 1155 3203 'agl

144 3224 199 3282 pet.
269 3222 300 3270 12
331 3217 415 3287 γοῦν]
446 3211 474 3286 γ’
498 3211 536 3270 άν
558 3219 704 3299 legendum
730 3220 841 3270 videtur
927 3221 958 3269 16
989 3208 1156 3284 άποφανείκ

142 3287 203 3338 Pet.
236 3284 240 3352 Ι
274 3281 325 3338 τὸν
343 3285 394 3339 τοῦ
414 3287 452 3339 Ν.
471 3284 549 3352 Oob.]
573 3304 605 3338 το
628 3285 680 3338 τοῦ
700 3287 739 3337 Ν.
827 3288 857 3336 18
880 3281 958 3353 ἡμᾶς
980 3283 1054 3353 Pet]
1077 3279 1156 3353 ήμῶν

144 3357 176 3404 19
202 3353 386 3421 προεξαιρεῖν
413 3354 481 3407 Rsk.
508 3360 537 3406 et
563 3353 728 3407 Wakefield.
751 3355 780 3402 in
807 3353 942 3418 Stephani
967 3353 1050 3405 Thes.
1073 3347 1154 3418 s.‘v.]

72 3471 74 3474 Α
142 3420 326 3485 προεξαίρειν
394 3425 426 3473 21
449 3416 607 3489 προσήκειν
625 3414 677 3488 [έν]
702 3413 804 3491 έκείνηο
821 3437 853 3485 v,
878 3414 909 3474 έν
928 3421 1015 3473 habet
1032 3421 1156 3472 etiamV

143 3490 176 3538 23
203 3481 339 3541 ὁντινοῦν
360 3487 405 3556 Η]
434 3483 597 3541 ὁντιναοῦν.
641 3489 678 3540 cf.
701 3489 787 3540 358A
816 3493 845 3539 et
870 3488 942 3554 apud
970 3488 1065 3553 Cyrill.
1089 3488 1155 3541 99ss
