2436 3870
143 156 206 222 358
445 156 588 208 111me
609 155 859 209 ιιιεεολεοιιιε

144 287 255 371 τρέπει
281 311 337 372 μοι
365 288 513 371 βαδίζειν
541 289 588 364 είς
614 281 655 352 τὰ
673 283 881 374 στρατόπεδα
908 281 946 352 τὸ
975 287 1087 373 σχῆμα
1106 287 1160 353 καὶ

144 389 206 478 τὴν
233 391 348 460 εἰκόνα
375 396 579 479 περιοίσοντι
605 388 668 478 τὴν
696 392 831 459 ἑαυτοῦ·
858 391 913 459 καὶ
942 389 1006 479 γόρ
1030 417 1083 459 τοι
1106 392 1160 460 καὶ

144 499 243 566 τοῦτο
282 506 392 588 είρητο
424 498 481 565 καὶ
513 497 715 587 ἐγέγραπτο,
752 493 803 566 ότι
838 510 909 577 τοῖς
942 496 1083 576 Γόλλοις
1120 494 1160 567 οῦ

47 595 50 599 ’
144 604 282 690 βασιλέα
310 607 462 690 δίδωσιν,
490 600 573 672 ιἰλλδι
591 601 651 673 τὸν
668 601 730 691 τὴν
758 604 881 675 ἑαυτοῦ
898 599 983 692 πρὸς
1011 605 1160 686 ἐκείνους

144 708 261 779 εἰκόνα
287 712 478 798 κομιοῦντα.
516 706 587 800 (οῦ)
614 712 725 792 κακῶς
749 710 796 796 δέ,
825 705 870 790 οῦς
896 705 1072 797 ἀκηκόατε,
1099 714 1181 780 τοῦι

143 815 279 906 πρότου
321 817 609 905 στρατηγηθέντος
654 818 812 885 ἐνιαυτοῦ
852 817 908 884 καὶ
950 817 1159 906 πραχθέντος

145 927 348 1009 σπουδαίου,
381 921 465 1012 πρὸς
496 920 537 991 τὰ
564 921 717 1010 χειμάδια
748 921 849 991 πόλιν
882 920 1082 991 ἐπανελθὼν
1115 928 1159 1004 είς

103 1025 205 1098 Βτδν
232 1034 372 1117 ἐσχατον
398 1030 560 1117 κατέστην
587 1033 759 1098 κίνδυνον.
796 1025 961 1118 οὔτεγὰρ
989 1025 1158 1118 ἀθροίζειν

145 1136 223 1222 ἐξῆν
263 1162 320 1224 μοι
361 1134 605 1225 στρατόπεδον·
630 1136 757 1224 ’ἕτερος
798 1132 861 1223 γὰρ
899 1125 942 1221 ἦν
981 1129 998 1202 ὁ
1037 1134 1158 1204 τοῦτον

143 1240 271 1330 κύριος·
305 1237 407 1321 αῦτός
433 1267 467 1309 τε
500 1239 562 1322 ξῦν
590 1237 717 1327 ὀλίγοις
748 1237 1058 1329 όιποκεκλεισμένος,
1092 1239 1158 1310 εἶτα
1169 1267 1191 1308 ιο

143 1345 233 1434 παρὰ
260 1349 328 1415 τῶν
355 1352 499 1433 πλησίον
525 1346 657 1415 πόλεων
684 1347 833 1435 αἰτηθεὶς
865 1348 1079 1434 ἐπικουρίαν,
1113 1337 1158 1415 οῦν

144 1449 236 1539 εἶχον
262 1450 299 1520 τὸ
328 1460 483 1521 πλεῖστον
510 1455 650 1534 ἐκείνοις
668 1453 760 1539 δούς,
790 1448 920 1540 [αὐτὸς]
949 1449 1158 1540 ἀπελείφθην

142 1556 255 1646 μόνος.
301 1559 412 1627 ἐκεῖνα
449 1557 510 1646 μὲν
551 1550 615 1628 οῦν
652 1555 759 1640 οῦτως
795 1557 946 1650 ἐπράχθη
987 1559 1071 1627 τότε.
1118 1554 1159 1640 ιός

144 1664 183 1734 δὲ
209 1666 265 1734 καὶ
294 1659 311 1734 ό
340 1667 409 1733 τῶν
437 1665 672 1755 στρατοπέδων
699 1661 812 1755 ἅρχων
840 1667 877 1734 ἐν
904 1660 1036 1756 ὑποψία
1063 1664 1155 1751 γενό-

143 1798 243 1859 μενος
270 1768 361 1864 αὐτῷ
393 1772 569 1861 παρηρέθη
602 1772 657 1840 καὶ
685 1768 858 1859 ιἰπηλλόγη
886 1773 944 1858 τῆς
972 1767 1091 1861 ἀρχῆς,
1119 1765 1158 1839 οῦ
1170 1797 1192 1837 15

109 1877 280 1969 Οσφόδρα
312 1877 494 1966 ἐπιτήδειος
526 1877 645 1962 δόξας,
678 1882 783 1963 ἐγωγε
819 1879 1007 1964 ἐνομίσθην
1042 1874 1157 1964 ἥκιστα

144 1989 330 2066 σπουδαῖος
357 1985 413 2053 καὶ
432 1980 543 2064 δεινὸς
571 1983 764 2072 στρατηγός,
792 1979 849 2052 ἅτε
876 1984 987 2073 πρᾷον
1015 1985 1158 2070 ἐμαυτόν

143 2088 325 2180 παρασχόν
352 2092 408 2159 καὶ
435 2091 578 2180 μέτριον.
625 2085 667 2158 οῦ
695 2085 758 2179 γῦρ
791 2085 886 2181 ᾤμην
918 2094 990 2159 δεῖν
1020 2096 1158 2177 ζυγομα-

143 2211 216 2283 χεῖν
249 2193 328 2264 οῦδὲ
360 2210 664 2287 παραστρατηγεῖν,
697 2201 728 2263 εί
753 2194 798 2284 μη’
829 2194 897 2265 ποῦ
924 2221 955 2263 τι
987 2197 1057 2263 τῶν
1085 2201 1159 2263 λίαν

144 2301 370 2370 ἐπικινδύνου
397 2301 512 2391 ἑώρων
539 2297 560 2388 ἢ
589 2303 668 2370 δέον
686 2292 846 2388 γενέσθαι
873 2299 1117 2390 παρορώμενον
1138 2297 1194 2386 ἢιο

143 2407 200 2474 καὶ
227 2405 289 2493 τὴν
317 2403 423 2494 ἀρχὴν
450 2404 495 2494 μὴ
524 2409 603 2476 δέον
629 2409 790 2494 γενέσθαι
817 2408 1028 2495 γιγνόμενον.
1075 2405 1159 2486 ἅπαξ

145 2511 183 2580 δὲ
209 2513 265 2580 καὶ
294 2512 452 2599 δεύτερον
481 2509 552 2601 (οῦ)
581 2513 799 2601 καθηκόντως
827 2519 888 2602 μοί
911 2539 1015 2604 τινων
1038 2530 1159 2603 χρησα-

100 2620 264 2706 Βμένων,
293 2616 437 2705 ἐμαυτόν
466 2615 585 2711 ᾠήθην
612 2623 732 2709 χρῆναι
758 2621 858 2707 τιμᾶν
884 2622 924 2708 τῇ
952 2621 1078 2708 σιωπῇ,
1105 2620 1160 2688 καὶ

143 2727 205 2794 τοῦ
232 2728 353 2795 λοιποῦ
379 2723 443 2814 τὴν
469 2729 612 2814 χλανίδα
639 2727 840 2817 περιέφερον
857 2727 913 2794 καὶ
940 2722 1004 2813 τὴν
1031 2725 1159 2796 είκόνα·

36 2915 37 2918 ¹
143 2831 273 2901 τούτων
304 2830 368 2920 γὰρ
400 2830 437 2901 τὸ
469 2833 652 2920 τηνικαῦτα
684 2831 887 2920 διενοούμην
919 2829 1161 2919 ἀποπεφάνθαι
1173 2856 1194 2897 ιι

146 3125 230 3174 mian.
249 3123 311 3173 Vol
329 3125 400 3190 le
420 3123 539 3174 176Erf.
610 3123 623 3171 1
649 3113 682 3173 τό
702 3117 798 3187 σχῆμα
816 3119 983 3174 Ἶσίεείοελ.
1001 3120 1020 3170 l.
1040 3126 1069 3172 et
1088 3122 1159 3172 Len·

145 3207 208 3256 nep.
228 3191 264 3241 ad
283 3192 394 3242 Phalar.
414 3208 440 3256 p.
459 3192 516 3252 183,
527 3179 595 3254 b]
578 3205 673 3270 οχημα
759 3191 775 3239 δ
800 3184 968 3254 κομιοῦντα
999 3181 1034 3239 οῦ
1052 3183 1159 3254 κακῶς]

185 3256 326 3318 ..κακῶς
347 3264 419 3325 ρει,
442 3261 472 3308 in
491 3260 515 3309 V
532 3257 616 3323 periit
639 3246 674 3307 οῦ
697 3255 795 3306 charta
818 3270 946 3321 perrona,
970 3257 1045 3336 quod
1067 3270 1162 3308 secun-

130 3296 209 3377 ’διιοι
231 3328 378 3377 Petavium
401 3325 526 3392 reposuit
547 3324 645 3390 spanh.
732 3327 749 3374 ὀ
770 3318 965 3400 πραχθέντος]
983 3318 1065 3382 τινὸς
1083 3323 1162 3374 addit

144 3394 204 3448 Pet.
275 3396 305 3444 11
330 3390 466 3472 αἰτηθείς
484 3389 555 3458 Pet]
575 3387 690 3449 ἐπιθείς
759 3393 791 3440 12
816 3381 918 3508 αῦτῦςὲ
922 3391 1069 3442 delendum
1086 3391 1161 3442 vide

145 3465 191 3510 tur
261 3463 292 3511 14
315 3460 371 3512 τῶν
391 3477 442 3516 om
461 3467 519 3524 pet.
588 3463 620 3510 21
644 3453 700 3540 μὴ
702 3452 735 3508 δέ
737 3475 770 3509 ον
787 3456 825 3526 V]
844 3451 918 3536 μηδὲ
987 3460 1022 3508 22
1046 3449 1081 3511 οῦ
1099 3457 1161 3508 add.

135 3527 205 3580 Pet
277 3530 310 3579 25
328 3524 437 3580 τοότωκ
455 3527 482 3577 Η
501 3532 530 3578 et
549 3523 629 3593 cob.]
648 3521 738 3592 τούτῳ
757 3541 790 3590 v,
808 3519 912 3578 τοῦτον
931 3525 992 3576 Ρελ.
