2446 3870
469 120 607 173 οοιειο
627 123 675 172 1v.
989 105 990 108 ’
1019 121 1080 186 175

61 247 204 335 νόμενα,
237 249 293 316 καὶ
322 243 366 329 ὡς
397 245 434 316 τό
469 251 528 334 τῆς
560 247 702 337 σελήνης
733 246 868 329 αὔξεται
899 250 955 319 καί
987 250 1079 338 λήγει

62 356 151 442 φῶς,
183 352 267 443 πρὸς
293 352 356 442 τὴν
384 350 569 423 ἀπόστασιν
600 350 699 443 ἡλίου
726 355 871 442 πάσχον,
902 358 987 424 πᾶσί
1011 381 1078 427 πον

62 464 177 549 δῆλον.
222 463 292 540 πῶς
325 452 388 529 οὖν
417 457 480 529 οὐκ
512 460 646 541 εἰκότως
677 463 733 530 καὶ
759 459 822 548 τὴν
849 463 1085 551 πρεσβυτέρανΙ

61 570 131 636 τῶν
168 566 331 654 σωμάτων
373 569 410 635 έν
446 581 517 647 τοῖς
557 582 688 656 νοεροίς
723 578 817 649 θεοῖς
858 568 1079 657 διακόσμησιν

32 668 343 761 εὖπολαμβάνομεν
384 669 553 758 ἀνάλογον
594 679 681 762 ἔχειν
720 677 761 762 τῇ
798 674 935 763 τοιαύτη
975 675 1112 757 volesne

58 780 216 867 λάβωμεν
253 770 317 848 οὖν
350 781 382 861 ἐξ
416 775 574 848 ἁπάντων
611 777 648 848 τὸ
681 780 743 869 μὲν
774 778 1009 870 τελεσιουργὸν
1042 785 1078 851 ἐκ

58 889 123 956 τοῦ
150 883 275 967 παντὸς
293 883 497 974 ἀποφαίνειν
521 882 606 974 ὁρᾶν
629 883 669 954 τδι
697 882 848 975 ὁρατικά·
876 896 997 957 τελειοί
1012 886 1077 978 γὰρ

60 990 147 1062 αότδι
174 990 232 1061 διὰ
259 996 322 1062 τοῦ
349 991 473 1079 φωτός·
501 989 538 1061 τὸ
568 992 605 1060 δὲ
634 990 875 1082 δημιουργικὸν
902 996 957 1062 καί
985 994 1077 1080 γόνι-

59 1128 125 1188 μον
154 1097 218 1167 ἀπὸ
250 1103 309 1187 τῆς
341 1101 416 1188 περὶ
443 1093 480 1166 τό
514 1097 645 1187 ξύμπαν
677 1102 876 1187 μεταβολῆς,
908 1097 945 1168 τὸ
975 1101 1012 1169 δέ
1040 1103 1077 1170 έν

18 1233 45 1271 10
61 1208 113 1275 ἑνὶ
145 1205 281 1275 πάντων
313 1205 510 1274 συνεκτικὸν
547 1203 612 1274 ἀπὸ
644 1209 703 1294 τῆς
734 1207 810 1295 περὶ
841 1204 900 1288 τὰς
931 1207 1077 1295 κινήσεις

59 1310 145 1402 πρὸς
177 1316 214 1380 έν
246 1313 302 1382 καὶ
334 1310 371 1382 τό
406 1308 488 1380 αὐτὸ
522 1319 736 1400 συμφωνίας,
767 1310 805 1381 τὸ
838 1313 876 1382 δὲ
907 1314 1011 1401 μέσον
1043 1317 1076 1396 ἐξ

60 1421 185 1488 ἑαυτοῦ
212 1421 328 1506 μέσου,
355 1416 393 1487 τὸ
422 1418 459 1486 δέ
487 1433 557 1499 τοῖς
584 1434 715 1508 νοεροίς
742 1416 849 1488 αὐτὸν
876 1423 1076 1510 ένιδρῦσθαι

59 1526 198 1613 βασιλέα
230 1529 267 1594 ἐκ
298 1528 355 1614 τῆς
388 1527 424 1593 έν
456 1540 527 1605 τοῖς
558 1527 788 1613 πλανωμένοις
814 1528 916 1614 μέσης
942 1527 1073 1608 τάξεως.

59 1637 92 1701 εί
104 1632 165 1719 μέν
180 1623 243 1701 οὖν
256 1635 361 1700 ταῦτα
379 1638 458 1720 περί
468 1658 543 1700 τινα
557 1635 625 1699 τῶν
639 1629 750 1700 ἄλλων
769 1635 930 1720 ἐμφανῶν
945 1629 1075 1722 ὁρῶμεν
1092 1655 1117 1710 1)

18 1760 45 1800 15
58 1741 153 1807 θεων
181 1733 201 1826 ἢ
231 1741 377 1816 τοσαῦτα
405 1741 510 1827 ἕτερα,
539 1738 583 1826 μή
602 1764 655 1807 τοι
681 1738 789 1830 τούτῳ
814 1736 876 1827 την
903 1740 978 1828 περὶ
996 1737 1075 1821 τοὺς

58 1843 165 1926 θεοὺς
191 1840 374 1933 ἡγεμονίαν
401 1851 668 1933 τροσνείμωμεν·
697 1849 728 1913 εί
754 1843 792 1914 δέ
811 1840 874 1914 οὐκ
898 1851 989 1914 ἔστιν
1018 1843 1074 1914 οὐ-

59 1952 119 2020 δέν
147 1948 238 2043 αὐτῷ
266 1949 383 2021 κοινὸν
410 1950 495 2037 πρὸς
522 1949 602 2030 τοὺς
630 1948 752 2031 ίίλλους
780 1953 841 2031 ἔξω
868 1954 926 2038 της
947 1948 1074 2037 ἀμαθο-

58 2064 187 2147 ερνίας,
219 2048 259 2145 ἧς
290 2059 346 2126 καὶ
379 2054 482 2145 αὐτῆς
514 2061 718 2146 μεταδίδωσι
752 2071 824 2137 τοῖς
859 2059 955 2143 πᾶσι,
992 2084 1074 2145 μαρ·

57 2164 240 2256 τειρόμενοι
284 2165 363 2244 τοός
408 2191 443 2232 τε
487 2169 651 2252 Κυπρίων
698 2164 820 2251 ἱερέας,
866 2168 902 2230 ol
939 2159 1075 2244 κοινοὺς

15 2267 289 2358 εοοίποφαίνουσι
317 2268 452 2358 βωμοὺς
475 2266 575 2361 Ἡλίῳ
602 2271 659 2339 καὶ
686 2276 762 2356 Διί,
789 2266 853 2359 πρὸ
881 2268 1011 2338 τούτων
1038 2269 1075 2338 δὲ

57 2383 107 2445 ἔτι
139 2374 200 2445 τὸν
225 2374 370 2446 Ἀπόλλω
404 2377 654 2465 συνεδρεύοντα
685 2379 731 2469 τῷ
759 2379 829 2469 θεῷ
858 2379 943 2468 τῷδε
969 2402 1075 2465 παρα-

56 2485 256 2565 καλέσαντες
282 2483 447 2572 μάρτυρα·
476 2485 560 2571 φησὶ
587 2481 652 2572 γὰρ
680 2479 698 2551 ό
725 2481 806 2564 θεὸς
835 2474 932 2565 οὗτος

138 2601 201 2688 Εἷς
229 2607 324 2693 Ζεύς,
352 2602 399 2688 εἷς
424 2604 544 2696 Ἀίδης,
572 2602 619 2688 εἷς
638 2603 754 2688 Ἥλιός
782 2609 850 2675 ἐστι
878 2607 1042 2697 Σάραπις·
1076 2633 1127 2682 136

54 2729 178 2819 Ικοινὴν
205 2727 438 2820 ὑπολάβωμεν,
466 2735 593 2819 μᾶλλον
612 2731 649 2800 δὲ
668 2737 749 2818 μίαν
773 2726 889 2800 Ἡλίου
916 2733 972 2800 καὶ
991 2730 1076 2812 Διὸς

16 2857 42 2898 2⁵
58 2839 95 2905 ἐν
127 2851 198 2918 τοῖς
229 2853 360 2926 νοεροῐς
395 2848 491 2919 θεοῖς
522 2843 737 2907 δυναστείαν·
771 2834 854 2906 ὅθεν
890 2865 946 2926 μοι
983 2843 1078 2905 δοκεῖ

56 2945 113 3011 καὶ
145 2943 290 3012 Πλάτων
328 2941 391 3013 οὐκ
427 2941 610 3025 ἀπεικότως
646 2944 815 3033 φρόνιμον
846 2941 931 3013 θεὸν
955 2940 1074 3030 ’Ἅιδην

143 3165 159 3213 5
183 3152 345 3289 olv]aloylav
367 3162 576 3213 Marcili
599 3157 720 3239 παντὸς]
744 3154 857 3219 πάντας
880 3161 989 3214 Marcil
1057 3163 1074 3210 9

58 3224 226 3294 ξόμπανν]
246 3243 362 3295 συμπαν
416 3233 447 3280 12
467 3221 587 3309 ἕαυτου]
608 3221 698 3281 αὐτοῦ
716 3230 743 3278 H
762 3229 766 3288 Ι
786 3232 846 3286 τοις
864 3231 978 3291 νοεροις
996 3224 1072 3294 libri]

56 3293 188 3375 καὶτοῖς
206 3300 319 3376 νοεροῖς
352 3298 356 3360 Ι
383 3290 463 3363 ένιδρ
465 3292 727 3358 labarVMbEF,
747 3288 936 3374 ένιδρόεσδαι
954 3313 972 3346 v
1042 3296 1074 3345 18

57 3354 150 3430 αὐτῆς
168 3362 245 3430 libri]
266 3355 366 3424 αὐτοῖς
393 3364 397 3430 Ι
424 3359 638 3431 μαρτυρόμενοι
656 3334 733 3430 libri]
759 3357 988 3429 μαρτυροόμενοι
1042 3365 1073 3414 19

56 3431 206 3498 Κυπρίους
224 3432 331 3484 maroil
347 3437 442 3498 etpet.
491 3437 522 3484 21
538 3428 590 3498 ἔτι]
605 3425 651 3483 ἐπὶ
666 3433 689 3479 V
736 3435 803 3496 22η
805 3427 853 3498 ησὶ
870 3428 963 3498 VMb]
984 3428 1074 3496 φησὶν

56 3501 89 3548 23
108 3499 151 3550 Of.
172 3500 294 3551 Macrob.
313 3498 372 3552 Sat.
391 3501 413 3563 Ι,
434 3503 474 3563 18,
495 3503 527 3550 18
596 3501 629 3550 26
647 3449 803 3565 Πλότων]φ
802 3449 940 3551 Phaedon.
958 3498 1029 3552 801)
