2408 3856
130 168 170 230 12
425 167 568 219 ιυωιιαι
590 168 842 220 IMPERATORIS

128 298 190 363 τού
222 297 279 382 τῆς
310 290 469 383 ῆμετέρας
501 297 649 361 οἰκιστοῦ
681 294 807 374 πόλεως
838 296 894 362 καὶ
923 291 1117 383 Ἀλεξάνδρα

128 403 189 469 τοί
223 405 406 486 Φιλίππου,
443 400 499 466 καὶ
531 408 565 466 εί
592 425 642 479 τις
673 396 772 480 ἀλλος
791 402 954 480 Ιτοιοῦτος
991 401 1142 487 μέμονεν,

130 503 215 574 ἕκιδυ
244 502 379 592 ἀφίημι·
408 509 502 573 δοκεῖ
526 503 590 592 γὰρ
619 502 661 572 ού
687 505 801 632 πόρρω
829 507 934 573 ταύτα
961 508 1019 593 τῆς
1046 531 1142 593 ποιη-
1171 581 1173 587 ⁴

129 614 221 700 τικῆς
248 613 400 691 ἐξουσίας
419 608 514 678 εἶναι.
551 608 658 679 καὶ
623 636 664 678 τα
686 609 776 700 παρὰ
793 609 855 698 τῆν
881 610 1017 699 προότην
1035 607 1172 701 ύπάρ

131 716 246 798 ξαντά
259 736 313 784 σοι
340 717 473 806 γένεσιν
501 711 545 796 ὡς
564 713 697 805 λαμπρά
724 718 779 784 καί
806 714 962 804 βασιλικά
990 716 1134 804 (καὶ)
1103 744 1140 785 το
1155 718 1181 789 σέ

129 825 238 908 λέγειν
266 819 395 908 εύηθες.
432 818 499 890 ἀλλ’
530 820 644 909 ἐπειδὴ
673 825 730 908 τῆς
758 825 887 902 ἐντοῖς
910 819 1141 908 παισὶνάμω-
1186 837 1187 855 ³

90 931 190 1015 σφῆς
219 924 236 995 ὁ
269 926 385 1017 καιρὸς
416 923 664 1016 ύπομέμνηκευ,
697 933 764 996 ἔδει
796 948 850 995 σοι
882 931 940 1014 τῆς
971 931 1175 1015 βασιλικῆς
1181 1017 1182 1021 ¹

129 1036 255 1124 τροφῆς
283 1032 472 1122 δήπουθεν,
504 1030 525 1120 6
552 1031 590 1101 τδ
623 1032 684 1120 μέν
716 1036 810 1120 σῶμα
841 1032 924 1120 πρὸς
958 1031 1055 1119 ίσχύν
1087 1035 1143 1101 καὶ
1177 1033 1180 1038 ’

130 1140 246 1228 ῥιόμην
274 1140 329 1208 καὶ
362 1135 494 1218 εὐεξίαν
521 1139 578 1206 καὶ
609 1138 729 1219 κάλλος
756 1136 908 1225 ἀσκήσει,
941 1137 1002 1225 τῆν
1030 1136 1144 1226 ψυχῆν
1170 1218 1171 1223 ¹

130 1246 167 1315 δὲ
194 1244 277 1334 πρὸς
304 1241 465 1331 ἀνδρείαν
497 1244 552 1312 καὶ
580 1244 799 1372 δικαιοσύνημ
830 1245 886 1312 καὶ
914 1243 1143 1333 σωφροσύνην
1159 1243 1192 1334 ¹}

129 1351 185 1418 καὶ
218 1349 386 1438 φρόνησιν
419 1351 564 1435 ἐμμελῶς
595 1350 848 1478 παρασκευάσει
893 1352 998 1418 ταῦτα
1031 1349 1068 1417 δὲ
1102 1347 1144 1418 ού
1184 1358 1198 1462 Ξ

130 1455 249 1546 ρᾴδιου
273 1453 329 1523 διά
352 1457 410 1541 τῆς
433 1451 648 1542 ἀνεηιένης
630 1455 790 1544 υπάρχειν
814 1459 953 1542 διαίτης,
971 1455 1187 1543 θρυπτού-
1184 1469 1198 1515 3

130 1581 190 1648 σης
209 1562 280 1647 μέν,
308 1556 353 1640 ὡς
371 1587 386 1627 ε
389 1559 469 1645 ίκός,
488 1558 547 1641 τάς
565 1561 673 1647 ψυχῆς
691 1559 804 1630 καὶ
769 1588 811 1628 τα
830 1558 976 1648 σοόματα,
1005 1557 1143 1629 ἀσθενε-

85 1669 246 1792 Βστέρας
275 1665 312 1734 δὲ
345 1667 563 1756 ἐργαζομένης
595 1667 678 1756 πρός
709 1693 744 1735 τε
770 1665 849 1747 τοὺς
876 1665 1058 1746 κινδύνους
1085 1665 1145 1746 τὰς
1188 1679 1198 1747 s

130 1771 266 1858 γνώμας
297 1772 353 1839 καὶ
380 1769 464 1861 πρὸς
495 1768 575 1852 τούς
601 1772 727 1852 πόνους
758 1770 798 1839 τὰ
826 1772 969 1860 σώματα.
1016 1768 1144 1840 ούκοῦν
1160 1774 1198 1841 16³

129 1880 175 1969 τῷ
203 1877 265 1965 μὲν
293 1882 361 1945 ἔδει
388 1880 623 1966 γυμναστικῆς,
651 1881 697 1970 τῷ
721 1877 858 1966 σοόματι,
886 1875 949 1964 τῆν
975 1875 1088 1964 ψυχὴν
1107 1876 1145 1945 δε

128 1986 168 2072 τῆ
195 1987 264 2051 τόν
291 1983 402 2069 λόγων
435 1984 583 2072 ἐκόσμεις
614 1985 738 2072 μελέτη.
784 1985 837 2052 ε’πὶ
864 1985 966 2073 πλέον
995 1981 1032 2050 δέ
1059 1978 1144 2072 ὑπὲρ

130 2088 329 2180 ἀμφοτέρων
358 2087 452 2170 ἀξιον
481 2095 642 2158 διελθεῖν·
675 2087 759 2179 ἀρχῆ
787 2088 850 2176 γάρ
882 2116 932 2169 τις
963 2085 1047 2175 αύτη
1076 2091 1145 2155 τεόν
1193 2103 1196 2105 ’

130 2193 210 2281 μετά
236 2198 341 2262 ταῦτα
368 2193 520 2283 πράξεων
539 2196 664 2280 μέμονε.
701 2197 759 2281 τῆς
782 2193 843 2280 μέν
871 2185 933 2262 οὖν
961 2197 1145 2281 ἐπιμελείας

129 2301 187 2385 τῆς
214 2299 289 2387 περὶ
316 2296 378 2384 τῆν
407 2296 504 2385 ίσχύυ
523 2296 566 2366 ού
592 2297 629 2366 τὸ
647 2297 731 2387 πρὸς
757 2296 815 2379 τάς
843 2301 1013 2381 ἐπιδείξεις
1040 2294 1143 2387 ἀρμό-
1159 2324 1190 2364 ιο

131 2410 187 2484 ζον
213 2400 376 2491 ῆσκησας,
404 2400 521 2490 ῆκιστα
549 2410 681 2489 βασιλεῖ
705 2407 842 2495 πρέπειν
869 2402 1049 2495 ὑπολαβὼν
1076 2408 1146 2473 τῶν

78 2532 109 2580 11
129 2507 187 2589 τὰς
214 2515 417 2597 παλαίστρας
444 2509 692 2597 κατειληφότων
719 2509 781 2599 τῆν
808 2513 1047 2602 θρυλουμένην
1074 2508 1145 2578 εύε-

131 2616 216 2701 ξίαν,
235 2617 388 2701 μέλλοντι
406 2618 474 2692 τῶν
493 2613 667 2703 ἀληθινῶν
690 2613 833 2703 ἀγόνων
851 2617 1013 2704 μεθέξειν,
1032 2614 1145 2685 ύπνου

128 2746 164 2787 τε
195 2722 369 2807 ἐλαχίστου
406 2724 552 2812 δεομένῳ
589 2723 646 2790 καὶ
682 2726 808 2813 τροφῆς
845 2721 886 2791 ού
918 2724 1056 2809 πολλῆς,
1088 2723 1145 2790 καὶ
1189 2774 1192 2777 -

128 2825 251 2913 ταύτης
279 2823 355 2894 ούτε
383 2825 466 2895 κατά
498 2830 629 2913 πλῆθος
657 2825 734 2897 ούτε
766 2826 849 2896 κατὰ
876 2827 1033 2914 ποιότητα
1061 2827 1145 2895 πάν-
1160 2851 1191 2892 νε

129 2958 193 3011 τως
222 2926 463 3021 ἀρισμένης’
428 2932 506 3001 ούτε
523 2931 606 3001 κατά
633 2932 693 3002 τὸν
720 2933 854 3023 καιρόν,
884 2930 924 3002 δν
952 2930 1013 3023 χρῆ
1041 2954 1145 3022 προσ-

197 3058 288 3116 ὁκαὶ
305 3066 367 3115 add.
386 3068 474 3130 Wytn
546 3060 848 3146 ἵύκομέμνηκενΜ,
872 3060 1145 3149 ύπομεμένηκενλ,

129 3123 319 3211 ύπομξμνηκε
336 3149 355 3184 v
408 3136 439 3184 10
457 3132 507 3186 καὶ
521 3129 711 3201 σωφροσύνην
723 3132 793 3216 VM]
809 3129 998 3211 σωφροσύνην
1044 3136 1076 3184 13
1094 3131 1146 3185 καὶ

128 3194 165 3249 τά
188 3192 304 3279 σρόματα
328 3199 390 3252 add.
412 3200 471 3251 VM
558 3205 590 3252 14
616 3195 806 3269 ἐργαζομένης
832 3199 868 3267 V]
897 3195 1146 3267 κατερηαζομένης

130 3268 162 3316 16
184 3260 217 3317 τό
241 3261 296 3332 μὲν
320 3272 349 3316 et
370 3259 403 3318 τό
428 3267 508 3334 σῶμα
530 3270 586 3334 V,
597 3284 668 3348 quae
697 3270 789 3319 neseio
813 3285 848 3319 an
875 3269 1034 3336 recipienda
1062 3272 1146 3334 atque

128 3324 225 3384 έδειτο
247 3334 422 3384 scribendum
444 3341 481 3388 sit
551 3308 583 3386 1'7
606 3329 696 3401 λόγων
720 3351 755 3385 an
778 3331 872 3417 νόμων
894 3338 919 3385 V
945 3336 1064 3415 habeat,
1090 3351 1147 3387 non

118 3387 471 3482 .]ἰηιιετ1ἑκόσμειςΡελ.]
492 3393 617 3469 ἐκόσμει.
652 3397 949 3470 θουεείετυετῆτῶν
972 3373 1064 3471 λόηωύ
1082 3396 1146 3454 666-

124 3480 193 3531 σμει
216 3465 318 3534 μελέτη
389 3473 421 3519 22
446 3467 651 3536 θρυλουμένην
668 3468 709 3536 Μ]
734 3423 954 3538 θρυλλουῆτένην
1023 3473 1057 3521 24
1080 3469 1173 3549 δεο-

118 3531 222 3597 μένων
240 3537 308 3587 Rsk.
309 3526 525 3604 ,δεομένῆνθΙ
