2408 3856
135 199 155 262 6
440 199 584 251 IULIANI
605 199 848 252 IMPERATORIS

136 349 190 396 σοι
222 325 301 414 μετά
334 330 392 415 τῆς
424 324 555 414 ἀγαθῆς
586 325 686 414 τύχης
713 329 946 415 παρασχοῦσα,
980 329 1151 416 ἐξαίρετον

136 429 238 521 αύτῆς
275 453 380 521 φησιν
417 431 503 501 εἶναι
535 430 573 501 τὸ
605 434 719 522 γέρας,
753 429 794 501 ού
825 447 895 513 τοῖς
931 448 1058 514 κοινοῖς
1091 433 1147 522 ἐφ’

51 533 53 537 ⁴
135 535 293 608 ἀπάντων
320 543 388 608 τῶν
416 535 673 629 αὐτοκρατόρων
686 589 688 595 <
702 544 842 619 δικαίοις
870 540 1035 628 χρωμένη·
1064 543 1150 626 λέγω

136 645 172 714 δέ
192 643 252 732 ὅτι,
279 641 344 714 κάν
372 642 559 732 ἀλλαχόθεν
576 644 777 732 τυγχάνωσι,
804 647 850 736 τῷ
869 647 1015 732 μετέχειν
1044 643 1151 714 ἀπαν-
1196 681 1198 686 ·

134 778 193 833 τας
228 750 294 839 ἤδη
331 754 398 820 του,
429 751 666 838 πολιτεύματος
702 752 757 819 καί
794 765 864 832 τοῖς
901 753 1032 820 ἐκεῖθεν
1067 747 1177 839 ημϊνε

134 863 404 944 καταδειχθείσιν
431 863 525 927 ἔθεσι
551 859 607 926 καί
635 856 751 944 νόμοις
768 859 914 945 χρῆσθαι
941 866 1072 927 πολῖται
1097 886 1151 944 γε·

135 963 289 1049 γόνασιν·
319 961 486 1052 [ούκονν,]
515 959 582 1032 ἀλλ’
605 958 649 1044 ως
675 965 818 1032 τεκοῦσα
844 961 907 1050 την
934 960 997 1049 σὴν
1025 966 1151 1054 μητέρα

134 1071 190 1138 καί
216 1072 415 1161 θρεψαμένη
431 1073 610 1156 βασιλικῶς
637 1070 779 1137 καὶτῶν
802 1070 970 1156 ἐσομένων
999 1069 1152 1155 έγγόνων

90 1173 242 1256 Βάξίως.
282 1172 303 1262 ἡ
332 1175 369 1245 δὲ
398 1177 450 1244 ἐπί
477 1178 523 1267 τῷ
550 1175 714 1264 Βοσπόρῳ
746 1173 855 1260 πόλις,
889 1172 970 1244 ὅλον
1001 1178 1063 1243 τού
1096 1177 1151 1261 γε’-

134 1309 216 1362 νους
252 1284 314 1349 τού
345 1287 592 1350 Κωνσταντίων
629 1281 816 1368 ἐπώνυμος,
844 1270 961 1371 πατρίς
989 1280 1050 1368 μὲν
1088 1279 1151 1351 ούκ
1165 1313 1198 1352 το

135 1385 226 1455 εἷναί
250 1408 348 1475 φησι,
377 1390 551 1473 γεγονέναι
580 1386 617 1456 δέ
644 1383 710 1457 ὑπὸ
738 1389 800 1455 τοῦ
828 1390 892 1455 σού
919 1385 1042 1477 πατρὸς
1071 1383 1149 1475 ὁμο-

135 1502 240 1579 λογεῖ,
267 1495 321 1561 καλ
356 1492 450 1563 δεινά
482 1494 621 1581 πάσχειν
654 1494 816 1581 οἰήσεται,
849 1499 880 1561 εί
909 1493 1031 1580 ταύτης
1063 1496 1151 1579 γοῦν

133 1626 183 1679 τις
211 1595 318 1686 αύτην
344 1600 498 1692 τῷλόγῳ
526 1602 583 1688 της
601 1606 795 1687 συγγενείας
824 1596 1011 1689 ἀφαιροῖτο.
1046 1596 1149 1669 Ἰλλυ-

134 1706 201 1792 ριοί
229 1707 276 1791 δέ,
305 1703 355 1774 ότι
382 1703 461 1794 παρ’
493 1703 606 1787 αὐτοῖς
625 1708 775 1793 γέγονας,
805 1703 867 1774 οὐκ
890 1703 1064 1787 ἀνέξονται
1087 1709 1149 1789 τού

133 1817 312 1880 καλλίστου
338 1815 407 1881 τῶν
435 1809 672 1900 εὐτυχημάτων
691 1811 894 1902 στερόμενοι,
923 1821 956 1879 εί
974 1837 1024 1892 τις
1042 1809 1149 1900 ἀλλην
1162 1838 1198 1882 15

99 1936 188 1985 εσοι
224 1924 368 2009 πατρίδα
405 1921 595 2010 προσνέμοι.
642 1915 752 1988 ἀκούω
787 1917 824 1987 δέ
858 1924 960 2003 ἔγωγε
992 1920 1048 1986 καλ
1081 1921 1149 1986 τῶν

132 2023 227 2116 ἐρίων
256 2023 317 2114 ἤδη
346 2024 439 2107 τινάς
466 2028 584 2116 λέγειν,
612 2023 663 2101 ότι
683 2023 727 2113 μη
747 2029 859 2093 δίκαια
888 2027 1019 2112 δράμεν
1048 2021 1149 2111 ἀφαι-

132 2131 291 2218 ρούμενοι
323 2135 411 2219 σφάς
438 2130 498 2200 τὸν
527 2133 580 2200 ἐπὶ
608 2133 661 2199 σοὶ
695 2130 810 2216 λόγον·
843 2126 939 2198 αύτοὶ
967 2128 1030 2219 γάρ
1064 2151 1149 2217 φασι

132 2234 194 2321 τὴν
221 2236 332 2322 τήθην
360 2237 413 2304 έπί
440 2234 500 2304 τὸν
527 2240 587 2304 τοῦ
611 2235 860 2326 μητροπάτορος
886 2238 948 2304 τοῦ
976 2239 1040 2304 σοῦ
1067 2252 1149 2326 προ-

132 2341 259 2427 πέμψαι
288 2340 405 2428 γάμον.
450 2342 506 2409 καὶ
535 2339 656 2428 σχεδὸν
688 2338 831 2422 ἀπαντες
864 2345 899 2410 οί
929 2343 1039 2410 λοιποί
1067 2367 1148 2431 προ·
1162 2369 1191 2412 εν

134 2445 252 2532 φάσεις
288 2448 502 2528 ἐπινοοῦντες
538 2445 657 2537 μικράς
688 2443 708 2534 ἢ
746 2453 896 2535 μείζονας
933 2443 1047 2528 αύτοίς
1081 2447 1147 2537 (σε)

133 2557 293 2622 εἰσποιεῖν
326 2555 361 2621 ἐκ
392 2551 517 2634 παντὸς
549 2553 744 2640 ἐγνώκασιν.
789 2555 887 2642 ἐχέτω
920 2553 980 2641 μέν
1013 2544 1077 2622 οὖν
1110 2552 1147 2622 τὸ

131 2658 230 2748 γέρας
256 2655 300 2746 ἣν
328 2648 429 2741 αύτὸς
457 2662 598 2746 ἐθέλεις,
631 2662 686 2729 καί
714 2657 757 2748 ἣν
785 2657 912 2750 ἀρετάν
939 2661 1064 2748 μητέρα
1092 2661 1149 2728 καλ

91 2765 342 2834 Βθιδάσκαλού
370 2766 528 2848 πολλάκις
556 2769 702 2836 ἐπαινῶν
735 2775 883 2857 είρηκας,
910 2764 1149 2853 τυγχανόντων

132 2870 170 2940 δέ
197 2870 317 2959 ἑκάστη
346 2871 429 2941 κατά
455 2872 517 2962 τὴν
545 2869 642 2954 ἀξίαν
671 2877 708 2941 αι’
733 2873 845 2941 λοιπαί
872 2874 935 2940 τού
961 2871 1183 2960 προσηκον-ιτ

124 3116 126 3119 ·
198 3089 288 3149 θαύτ
289 3095 400 3177 mVM
468 3086 842 3176 4ελ5άπαντες8ολιοοί.
906 3087 1055 3145 λούκονν.
1081 3086 1147 3145 ἀλλ’

132 3154 169 3222 ὥς
186 3164 274 3247 Μ,
247 3155 355 3217 ούκούν
374 3157 412 3224 ὡς
420 3165 486 3215 Vv
523 3164 633 3215 θεολοεί
651 3154 771 3244 ούκουν,
792 3161 841 3212 sod
858 3161 951 3212 malim
970 3149 1080 3214 ούκουν
1097 3153 1147 3212 ού·

131 3246 193 3305 τως,
213 3226 274 3282 αλλ’
295 3224 331 3292 ὥς
400 3234 514 3284 9et10
537 3221 606 3281 όλου
625 3228 676 3282 τού
695 3227 797 3310 γένους
815 3227 866 3281 τού
885 3229 1096 3281 Κωνσταντίων
1113 3227 1147 3310 V]

131 3285 183 3363 ὅλη
206 3297 258 3349 τοῦ
281 3301 314 3353 Κ.
339 3295 441 3378 γένους
465 3301 508 3361 Μ,
531 3289 602 3348 ὅλον
624 3296 676 3348 τού
699 3292 801 3376 γένους
825 3295 883 3347 τῶν
907 3298 940 3347 Κ.
957 3311 973 3344 v
1045 3299 1133 3346 lle

130 3365 234 3429 yovsV
282 3368 313 3417 15
331 3336 568 3445 στερούμενόςΜ
579 3381 619 3430 pr.
631 3381 666 3418 m
669 3355 878 3429 ,στερούμενοι
897 3379 954 3416 soe.
966 3380 1001 3414 m.
1050 3366 1081 3415 18
1100 3311 1191 3414 λπλ

131 3429 177 3482 σολ
195 3427 243 3497 M]
259 3424 310 3483 έπί
326 3448 371 3484 σοι
440 3437 472 3484 19
490 3426 589 3498 τηθηκ
606 3433 650 3495 Μ,
670 3430 776 3498 τίτθην
795 3448 835 3497 pr.
854 3448 889 3482 m.
922 3437 953 3480 ut
971 3429 1095 3494 videtur,
1114 3432 1147 3493 V,

130 3490 228 3580 τηθην
250 3515 283 3548 m.
308 3516 364 3554 sec.
442 3503 529 3580 ,21oe
553 3499 618 3550 add.
646 3499 757 3550 Sehaef.
832 3501 864 3550 22
882 3468 1095 3566 έγνιόκασιν
1074 3496 1146 3567 Pet]

123 3559 293 3630 ἔγνωκεααν
362 3571 394 3620 23
413 3559 501 3628 αύτὸς
520 3567 581 3617 add.
599 3568 658 3619 VM
