2446 3870
129 174 193 237 204
384 134 386 142 ’
430 171 572 222 IULIANI
595 172 844 224 Ιαευοινοοιε

129 302 319 371 λιτεύεσθαι
345 305 392 394 τῷ
425 307 488 392 βίφ
526 305 601 386 δοίη
635 296 688 386 ἐφ’
724 297 807 368 ὅσον
839 295 929 391 αύτῷ
960 327 995 369 τε
1027 303 1144 395 ἐκείνῳ

130 417 232 496 φίλου
258 404 339 495 ἡμῖν
366 435 400 476 τε
428 406 530 475 λώιον
549 407 605 474 καὶ
632 420 703 486 τοῖς
729 420 856 486 κοινοῖς
878 409 1052 495 συμφέρον
1068 403 1145 476 Ῥω-

129 521 238 603 μαίων
265 513 465 604 πράγμασιν.

213 620 325 688 Ταῦτά
353 641 418 706 σοι,
447 609 568 705 ύφίλε
595 616 791 704 Σαλούστιε,
819 617 901 687 κατὰ
919 615 981 707 τὴν
1003 625 1146 711 τριπλῆν

95 730 191 807 οτοῦ
222 729 309 796 θεοῦ
341 730 566 813 δημιουργίαν
603 725 639 792 ἐν
675 726 763 813 τρισὶ
795 725 937 812 μάλιστα
969 728 1067 807 νυξὶν
1100 725 1170 811 ύςτ

21 819 26 827 ’
131 829 205 903 οἷόν
224 861 258 902 τε
276 824 320 921 ἦν
348 831 531 901 ἐπελθόντα
549 858 605 918 μοι
632 833 672 919 τῇ
700 830 812 919 μνήμη
830 832 886 900 καὶ
913 831 1040 922 γράψαι
1062 834 1146 924 πρὸς

132 939 168 1008 σέ
196 940 369 1028 ἐτόλμησα,
389 941 463 1007 ἐκεί
486 957 540 1005 σοι
558 938 614 1005 καὶ
641 935 678 1004 τὸ
698 937 861 1027 πρότερον
883 943 932 1018 είς
957 937 998 1007 τά
1015 939 1146 1028 Κρόνια

131 1048 361 1136 γεγραμμένον
388 1041 468 1133 ἡμῖν
496 1040 538 1112 ού
570 1043 781 1120 παντάπασιν
808 1041 1000 1132 ἀπόβλητον
1027 1046 1146 1134 ἐφάνη.

130 1154 342 1241 τελειοτέροις
369 1148 401 1220 δ’
431 1156 462 1218 εί
488 1149 602 1236 βούλει
620 1151 695 1238 περὶ
722 1152 790 1219 τῦυ
818 1146 930 1218 αὐτῶν
949 1152 1004 1219 καὶ
1031 1174 1146 1239 μυστι-

131 1261 288 1348 κωτέροις
314 1256 427 1343 λόγοις
460 1257 647 1343 ἐπιστῆσαι,
684 1254 832 1344 ἐντυχὼν
864 1271 935 1337 τοῖς
967 1282 1057 1346 παρα
1083 1262 1145 1328 τοῦ
1161 1293 1185 1334 ιο

130 1371 230 1433 θείου
257 1364 450 1450 γενομένοις
474 1359 661 1448 Ἰαμβλίχον
689 1363 764 1451 περὶ
786 1366 859 1430 τάν
878 1360 990 1431 αύτιῦν
1015 1364 1146 1434 τούτων

132 1469 366 1559 συγγράμμασι
393 1465 430 1536 τὸ
457 1469 550 1548 τέλος
582 1469 685 1535 ἐκεῖσε
712 1471 770 1554 τῆς
802 1466 1021 1558 ἀνθρωπίνης
1048 1467 1145 1561 εύρη-

88 1597 201 1657 Βσεις
229 1581 359 1659 σοφίας.
405 1580 480 1662 δοίη
510 1571 542 1642 δ’
574 1569 591 1642 ὁ
620 1575 721 1661 μέγας
740 1571 855 1656 Ἥλιος
877 1575 982 1663 μηδὲν
1010 1577 1147 1646 ἐλαττόν

132 1709 172 1769 με
197 1681 238 1751 τδι
255 1682 331 1771 περὶ
357 1677 464 1749 αὐτοῦ
482 1682 621 1767 γνῶναι,
640 1681 696 1747 καὶ
715 1680 847 1761 διδάξαι
865 1684 962 1771 κοινῇ
988 1709 1023 1750 τε
1042 1680 1145 1752 ἀπαν-

132 1816 204 1875 τας,
238 1792 308 1878 ίδίηι
342 1787 379 1856 δέ
410 1784 490 1868 τούς
530 1785 718 1874 μανθάνειν
751 1783 873 1868 ἀξίους.
924 1791 986 1869 ἕως
1019 1791 1058 1856 δέ
1088 1817 1145 1877 μοι
1160 1821 1184 1862 15

132 1898 231 1964 τοῦτο
264 1900 405 1964 δίδωσιν
438 1889 455 1962 ό
484 1893 579 1980 θεός,
611 1895 709 1982 κοινῇ
737 1894 976 1982 θεραπεύομεν
1007 1892 1068 1963 τὸν
1099 1900 1146 1990 τῷ

131 2005 201 2094 θεῷ
230 2007 331 2089 φίλον
356 1998 558 2089 Ἰάμβλιχον,
591 1995 674 2068 ὅθεν
703 1997 776 2087 [δὴ]
804 2002 860 2068 καὶ
892 2004 958 2069 νῦν
986 1998 1083 2087 ὀλίγα
1101 2007 1147 2072 ,ἐκ

132 2112 265 2177 πολλῶν
293 2109 347 2176 ἐπὶ
374 2110 460 2176 νοῦν
488 2104 631 2175 ἐλθόντα
651 2101 904 2194 διεληλύθαμεν.
951 2110 1081 2176 ἐκείνου
1110 2110 1148 2178 δέ

133 2206 171 2283 εὗ
199 2213 285 2282 οίδαν
304 2210 349 2294 ὡς
367 2209 479 2293 οὐδεὶς
506 2215 576 2301 ἐρεῖ
599 2238 631 2279 τι
648 2210 862 2301 τελειότερον,
890 2209 971 2281 ούδὲ
989 2219 1020 2282 εί
1040 2214 1148 2284 κολλὰ

132 2319 222 2387 πάνυ
259 2317 599 2408 προσταλαιπωρήσας
632 2319 692 2410 [τῷ
725 2317 829 2410 λόγῳ]
862 2319 1146 2408 καινοτομήσειεν·
1161 2353 1186 2391 20

133 2424 305 2513 ἐκβήσεται
333 2424 407 2512 γάρ,
436 2419 480 2505 οδς
507 2423 606 2510 εἰκός,
633 2427 691 2512 τῆς
719 2421 946 2514 ἀληθεστάτης
973 2428 1034 2495 τοῦ
1060 2431 1148 2498 θεοῦ

82 2531 292 2619 ιῡενοήσεως.
338 2521 380 2618 ἦν
407 2530 468 2619 μὲν
496 2521 559 2598 οῦν
588 2539 667 2611 ίσως
693 2530 846 2618 μάταιον,
875 2536 907 2600 εί
932 2536 1149 2616 διδασκαλίας

133 2637 230 2727 χάριν
257 2636 441 2725 ἐποιούμην
467 2634 547 2717 τοὺς
574 2635 705 2722 λόγους,
734 2633 841 2706 αύτοῦ
868 2635 937 2726 μετ’
969 2639 1097 2707 ἐκεῖνόν
1116 2667 1148 2707 τι

134 2741 352 2832 συγγράφειν,
372 2746 440 2812 ἐπεὶ
469 2743 506 2812 δὲ
525 2740 634 2830 ῦμνον
661 2744 788 2835 ἐθέλων
807 2748 955 2813 διελθεῖν
982 2747 1045 2813 τοῦ
1062 2747 1147 2814 θεοῦ

133 2849 347 2940 χαριστήριον
380 2851 416 2918 ἐν
447 2849 555 2941 τούτῳ
592 2849 697 2918 τόπον
729 2845 966 2938 ὑπελάμβανον
997 2853 1043 2943 τῷ
1071 2853 1146 2941 περὶ
1160 2880 1186 2920 25

218 3007 233 3053 2
261 2994 407 3069 συμφέρον
430 2994 575 3083 Ρωμαίωγ
600 3000 724 3066 MbEF]
747 2997 893 3067 ’Ῥωμαίων
915 2998 1082 3083 συμφέρον
1132 3007 1148 3054 6

134 3064 297 3123 ἐπελθόντα
305 3067 435 3154 MbEF]
454 3060 610 3120 ἐπελθόντι
697 3071 780 3120 bet?
804 3069 874 3148 πρὸς
893 3065 924 3122 ab
940 3068 1008 3189 Mb]
1027 3064 1098 3147 πρός
1114 3085 1148 3123 σε

135 3143 167 3190 10
186 3134 280 3204 λόγοις
300 3131 451 3217 ἐπιστῆσαι
469 3130 626 3200 MbEF']
613 3135 763 3202 επιοτῆσαι
782 3129 876 3203 λόγοις
902 3131 953 3204 Ιέ
955 3131 1068 3204 ντυχιδν
1086 3143 1148 3199 τοῖς

134 3224 186 3261 om.
204 3207 270 3257 libri
340 3209 370 3254 12
389 3198 420 3256 τδ
439 3201 544 3263 σθένος
562 3204 635 3268 libri,
653 3205 682 3253 in
702 3206 753 3256 Mb
771 3211 863 3256 autem
882 3211 966 3257 antea
986 3211 1028 3257 est
1046 3206 1148 3257 lacuna

134 3275 325 3339 duodeviginti
344 3273 403 3324 fere
421 3272 565 3322 literarum
611 3274 667 3322 13
684 3269 778 3337 μηδὲν
794 3270 834 3339 H]
853 3269 953 3339 μηθὲν
1014 3276 1046 3324 14
1063 3271 1147 3340 κοινῇ

133 3343 176 3420 τε]
196 3342 252 3393 vid
270 3340 305 3390 ad
323 3340 390 3391 500
462 3331 549 3405 λῖδὴ
569 3355 618 3390 om.
637 3339 701 3389 libri
771 3342 803 3391 19
821 3357 850 3392 τι
868 3357 919 3391 om
936 3341 1047 3392 MbEF
1115 3344 1149 3393 20

133 3407 171 3489 τῷ
191 3408 264 3489 λόγῳ
283 3423 335 3458 om.
354 3407 420 3457 libri
489 3357 549 3458 23η
541 3402 631 3458 αύτοῦ
651 3407 704 3457 del.
723 3409 797 3486 Pet„
823 3400 899 3477 αύτῳ
890 3408 1034 3463 MbEF
1071 3409 1148 3461 Fort.

134 3467 224 3530 αύιδν
243 3461 423 3526 s'cribendum.
450 3476 485 3528 οῖ.
505 3475 589 3525 25οΒ
676 3477 708 3525 25
732 3470 821 3527 τύπον
839 3465 889 3541 Η]
895 3468 927 3527 τὸ
945 3468 1025 3528 πάνυ
1056 3473 1061 3543 Ι
1094 3474 1145 3544 τῷ]

129 3539 322 3596 τδΜδΕΡ
336 3542 412 3595 Fort.
430 3540 482 3594 τοῦ
