2446 3870
101 111 169 176 248
405 111 549 164 mmm
570 110 821 163 lMPERAToms

106 237 209 326 τυχὸν
241 238 302 326 μὲν
335 235 490 325 ἀληθέσι,
527 235 630 325 τυχὸν
667 236 703 306 δὲ
735 240 874 319 ψευδέσι
910 257 1122 326 προσπεπον-

106 343 213 414 θέναι.
259 341 387 413 οὔκουν
415 340 495 412 οὐδὲ
522 353 556 411 εί
579 350 614 411 τί
638 343 846 433 Πυθαγόρας
874 350 955 432 ἔφη,
983 340 1065 413 οὐδὲ
1093 353 1127 414 εί

106 480 154 532 τις
195 449 294 532 ἀλλος
334 452 379 542 τῷ
416 450 607 540 Πυθαγόρᾳ
648 449 890 539 παραπλήσιος,
932 447 1122 532 ἀξιόπιστος

107 557 216 652 ε’δόκει
233 559 280 648 τῷ
300 557 466 642 Διογένει.
502 554 563 625 τὸν
581 553 645 646 γὰρ
663 555 758 643 θεόν,
782 553 977 646 ἀνθρώπων
995 554 1122 626 οὐδένα

67 667 164 752 Οτης
190 669 395 750 φιλοσοφίας
427 659 575 752 ἀρχηγὸν
604 665 788 750 ἐπεποίητο.
832 669 868 730 τί
897 664 981 751 δῆτα
1008 665 1149 750 τοῦτο,ε

106 760 206 858 ἐρεῖς,
242 767 325 860 πρὸς
360 767 423 857 τὴν
454 772 516 838 τοῦ
551 766 744 850 πολύποδος
779 768 926 858 έδωδήυς
963 768 1028 855 έγω’
1066 789 1122 838 σοι

106 875 235 964 φράσω

189 980 259 1074 Ῥην
295 987 530 1110 σαρκοφαγίαν
569 985 604 1050 οί
636 961 699 1075 μέν
740 977 935 1104 ἀνθρύποις
970 976 1120 1068 ὑπολαμ-

106 1087 251 1174 βαίνουσι
279 1087 363 1157 κατὰ
390 1088 506 1176 φύσιν,
534 1091 571 1179 οί
592 1009 676 1175 δεῇ
655 1107 772 1176 ηκιστα
794 1090 893 1155 τοῦτο
923 1086 1122 1176 ἐργάζεσθαι

105 1194 287 1287 προσήκειν
315 1191 484 1287 ἀνθρώπῳ
514 1176 748 1279 διανοοῦνται,
780 1193 837 1261 καὶ
863 1189 1010 1274 πολὺς“
996 1220 1013 1261 ο
1042 1193 1119 1283 περὶ
1134 1218 1160 1258 ιο

105 1300 228 1369 τούτου
257 1306 428 1369 δείκνυται
454 1298 562 1420 λόγος.
608 1299 760 1367 ἐθέλοντι
788 1325 851 1368 ουν
870 1319 924 1368 σοι
947 1327 991 1427 μη
978 1296 1121 1389 ῥαθυ-

105 1420 180 1531 μειγ
212 1407 307 1494 εσμοὶ
339 1407 414 1495 περὶ
446 1407 507 1473 τοῦ
539 1404 695 1473 τοιούτου
732 1410 861 1493 βίβλων
898 1404 1119 1493 φανήσονται.

105 1510 246 1592 τούτους
281 1512 447 1600 Διογένης
483 1508 720 1599 ἐξελέγχειν
701 1509 782 1603 φέτο
819 1516 901 1580 δειν.
956 1511 1120 1599 διενοήθη

106 1619 190 1703 γοῦν
218 1614 336 1698 οὕτως·
365 1622 396 1686 εί
421 1614 529 1706 μέν’
511 1617 789 1707 απραγματεύτως
809 1620 947 1686 ἐσθίων
962 1645 1011 1699 τις
1040 1617 1120 1750 σάρ

104 1751 179 1810 κας,
212 1716 322 1812 ὥσπερ
355 1720 447 1812 οἶμαι
478 1725 546 1793 τῶν
578 1721 689 1792 ἀλλων
720 1725 861 1792 ἕκαστον
887 1729 1036 1813 θηρίων,
1069 1718 1159 1805 οἷςω

60 1848 85 1902 Ι)
104 1832 203 1898 τοῦτο
232 1835 361 1918 ἔνειμεν
379 1825 399 1919 ἡ
419 1829 531 1918 φύσις,
560 1827 714 1918 ἀβλαβῶς
732 1826 814 1899 αὐτὸ
833 1830 889 1899 καὶ
909 1826 1120 1918 ἀνεπαχθῶς,

104 1938 232 2024 μᾶλλον
260 1937 296 2006 δὲ
323 1939 380 2007 καὶ
398 1934 478 2024 μετόι
495 1939 554 2023 τῆς
580 1938 643 2005 τοῦ
670 1935 820 2024 σώματος
839 1932 1002 2024 ὠφελείας
1020 1937 1118 2026 έργά-
1159 2002 1162 2010 ,

26 2081 36 2089 κ·
106 2049 207 2131 ζοιτο,
239 2040 322 2113 κατὰ
359 2043 466 2131 φύσιν
502 2041 589 2111 εἶναι
620 2042 752 2123 πάντως
787 2040 850 2130 την
883 2049 1120 2132 σαρκοφαγίαν

104 2144 283 2238 ὑπέλαβεν·
321 2155 352 2218 εί
382 2152 423 2219 δέ
451 2176 501 2230 τις
532 2151 692 2219 ἐντεῦθεν
723 2151 853 2236 γένοιτο
885 2148 1010 2237 βλάβη,
1043 2146 1119 2238 οὐχὶ

22 2294 24 2297 v
104 2258 204 2324 τοῦτο
234 2253 420 2345 ἀνθρώπου
447 2253 485 2323 τὸ
514 2259 615 2344 ἔργον
648 2263 728 2336 ἴσως
755 2255 920 2344 ἐνόμισεν,
948 2251 1021 2324 ἀλλ’
1052 2252 1118 2343 ἀφ-
1132 2279 1159 2320 νο

104 2362 217 2429 εκτέον
236 2357 323 2430 εἶναι
341 2358 424 2430 κατὰ
451 2359 572 2449 κράτος
599 2356 712 2429 αὐτοῦ.
749 2355 797 2442 εἷς
823 2360 885 2450 μὲν
913 2352 977 2431 οὖν
1004 2357 1118 2451 ἀνείη

103 2468 255 2547 τοιούτος
282 2462 367 2555 ὑπὲρ
385 2468 447 2534 τού
473 2465 665 2556 πράγματος
688 2475 768 2548 ίσως
795 2467 981 2557 βιαιότερος
1008 2467 1118 2555 λόγος,

105 2573 215 2661 έτερος
242 2571 279 2641 δὲ
307 2571 504 2661 οίκειότερος
530 2576 576 2665 τῷ
603 2576 782 2666 Κυνισμῷ,
814 2579 846 2642 εί
875 2574 951 2662 περὶ
977 2576 1040 2642 τοῦ
1066 2577 1117 2643 τέ-

50 2687 188 2771 ιοκλους
211 2675 318 2747 αὐτοῦ
343 2679 508 2769 πρότερον
527 2676 575 2749 έτι
594 2681 801 2769 σαφέστερον
820 2681 997 2769 διέλθοιμι.
1033 2677 1117 2750 ἀπά-
1164 2718 1169 2726 -

102 2794 204 2862 θειαν,
234 2783 298 2875 γὰρ
316 2789 507 2869 ,ποιοῦνται
538 2786 575 2855 τὸ
603 2787 709 2867 τέλος·
741 2788 840 2855 τοῦτο
874 2785 911 2856 δὲ
944 2796 1021 2855 ίσον
1048 2788 1117 2856 ἐστὶ
1130 2810 1158 2852 σε

101 2893 147 2982 τῷ
174 2889 265 2961 ’θεὸν
298 2893 464 2980 γενέσθαι.
515 2891 763 2981 αἰσθανόμενος
796 2883 860 2962 οὖν
897 2901 978 2975 ίσως
1009 2889 1117 2963 αὑτοῦ

101 2999 269 3087 Διογένης
296 3001 333 3068 έν
364 2998 426 3087 μὶν
452 3011 522 3080 τοϊς
549 2996 662 3079 ἀλλοις
693 2995 817 3121 ἀπασιν
845 2996 1016 3087 ἀπαθοῦς,
1049 2996 1140 3095 ὑπὸ>

186 3207 203 3254 2
226 3198 334 3257 ούκουν
353 3203 392 3272 Η]
417 3197 526 3256 οόκοῦν
543 3205 707 3266 Ηοιλιολίαε,
727 3197 779 3256 ούκ
799 3221 816 3253 v
901 3208 918 3256 4
940 3197 1115 3299 ἀνθρώπων]

101 3261 285 3353 ἀνθρώπων
294 3267 351 3324 δδθ
438 3276 468 3322 ll
498 3269 699 3339 δείκνυται],
703 3272 786 3335 ,Νααι
818 3265 1017 3338 διήνυσταιδ“
1047 3273 1116 3327 Rsk

100 3339 198 3389 Malim
228 3331 388 3402 ἀνάλωται,
420 3346 452 3392 αλ
476 3341 562 3390 2921)
591 3345 639 3390 aut
666 3309 837 3406 δίήντληται
861 3339 909 3396 (cf
932 3341 1068 3395 Athenae.
1093 3341 1116 3387 V

100 3407 198 3470 p.185
211 3403 272 3469 Α)
328 3411 359 3458 12
378 3378 459 3474 έσμολ
476 3403 521 3527 H]
537 3401 617 3492 ἒσμολ
699 3411 731 3458 14
749 3407 819 3474 γοῦν
839 3399 929 3468 οὕτως
946 3407 1027 3474 Rsk]
1044 3405 1116 3477 γοῦν

101 3489 139 3532 ως
208 3476 241 3525 25
260 3473 323 3525 ἴσον
342 3469 401 3526 ἐστὶ
420 3469 490 3540 Η]ἷ
488 3469 539 3526 σόν
557 3469 618 3528 έστι
