2446 3870
141 143 201 207 162
440 141 584 194 Ιοτῐιαι
606 140 853 192 ῙΜΡειιΑΤοειε
946 130 949 133 ’

139 271 183 360 μή
211 295 290 340 ποτε
320 268 382 338 τὸν
411 271 525 355 Θαλῆν
557 269 703 353 ἐκεῖνον,
734 270 802 336 τῶν
835 269 954 354 σοφῶν
985 263 1024 335 τὸ
1052 267 1157 354 κεφά-

139 387 246 464 λαιον,
274 367 317 446 οὗ
343 374 384 445 τά
412 373 636 461 ἐπαινούμενα
663 370 867 461 ἀκηκόαμεν;
900 374 1063 461 ἐρομένου
1091 374 1156 463 γάρ
1202 418 1206 427 ·

87 507 245 569 ικετινος,
274 477 357 571 ὑπὲρ
386 472 435 549 ῶν
458 486 584 568 ἔμαθεν
612 475 740 549 ὁπόσον
767 478 842 548 τινά
864 477 927 569 χρὴ
954 485 1158 565 καταβαλεῖν

139 589 278 680 μισθόν·
312 584 501 676 ὁμολογῶν,
533 592 615 674 ἐφη,
646 585 683 654 τὸ
712 583 791 676 παρ’
821 582 916 674 ἡμῶν
944 595 1067 673 μαθεῖν
1094 584 1159 674 την

140 695 238 778 ἀξίαν
269 691 350 783 ἡμῖν
383 696 528 774 ἐκτίσεις.
579 690 708 762 οὐκοῦν
739 693 795 761 καλ
832 689 923 773 ὅστις
954 690 1184 775 διδάσκαλοςτ

141 803 201 891 μὲν
229 799 331 882 αὐτὸς
359 797 400 870 οὐ
427 802 555 887 γέγονε,
582 796 665 889 πρὸς
692 797 729 867 τὸ
749 809 873 886 μαθεῖν
901 798 938 868 δὲ
956 799 1013 866 καὶ
1042 793 1158 868 ὁτιοῦν

141 909 379 996 συνηνάγκατο,
408 903 544 977 ἀδικοῖτ’
575 903 628 993 άυ,
656 912 687 974 εί
703 903 747 993 μὴ
766 905 927 992 τυγχάνοι
944 906 1004 991 τῆς
1022 904 1157 994 χάριτος

141 1017 197 1084 καὶ
228 1017 286 1103 τῆς
318 1015 372 1082 ἐπὶ
404 1028 474 1094 τοῖς
502 1019 656 1082 δοθεῖσιν
684 1007 877 1100 ὁμολογίας,
910 1007 954 1099 ἣν
982 1009 1024 1099 δὴ
1052 1013 1109 1080 καὶ
1139 1008 1157 1081 ὁ

142 1119 248 1209 σοφὸς
289 1117 439 1189 ἀπαιτῶν
481 1124 644 1207 φαίνεται.
699 1116 775 1209 εἶεν.
830 1115 912 1186 ἀλλὰ
952 1121 1053 1187 τοῦτο
1096 1117 1158 1206 μὲν

141 1234 257 1318 χαρίεν
283 1227 339 1295 καὶ
367 1222 492 1313 σεμνὸν
519 1222 557 1293 τό
585 1226 710 1312 δῶρον·
738 1230 880 1313 χρυσίου
908 1223 1025 1294 δὲκαὶ
1053 1220 1157 1313 ἀργά·
1172 1255 1199 1294 ιο

142 1360 217 1423 ριον
250 1329 328 1400 οὔτε
355 1330 498 1418 ἐδεόμην
529 1327 594 1416 ἐγῶ
626 1337 742 1417 λαβεῖν
771 1327 852 1404 ,οότε
885 1326 972 1418 ὑμᾶς
999 1329 1041 1418 δὴ
1070 1326 1156 1421 ὑπὲρ

101 1438 272 1509 Βτοότωυ
299 1432 406 1525 ἡδέως
434 1432 477 1504 ἀν
495 1435 719 1524 ἐνοχλήσαιμι.
759 1437 862 1523 λόγου
881 1437 919 1506 δέ
942 1433 1023 1526 ὑμῖν
1051 1443 1157 1508 εἰπεῖν

142 1545 247 1613 ἐθέλω
267 1542 354 1632 μάλα
374 1542 415 1630 δή
439 1569 530 1623 τινος
553 1537 635 1630 ὑμῖν
663 1539 764 1631 ἀκοῆς
782 1540 888 1630 ἀξιον,
916 1543 1008 1632 εἰμὴ
1036 1545 1158 1632 τυγχά-

142 1678 245 1739 νομεν
279 1647 491 1738 ἀπειρηκότες
522 1645 605 1739 πρός
641 1648 678 1717 τὸ
711 1651 815 1737 μῆκος
852 1653 910 1738 τῆς
947 1647 1156 1738 ἀδολεσχίας·

142 1755 246 1845 τυχὸν
274 1754 337 1846 γάρ
366 1753 447 1825 οὐδὲ
469 1758 537 1824 τῶν
557 1758 732 1843 ῥηθέντων
759 1752 929 1845 ἠκρόασθε
958 1755 1019 1838 ξὺν
1047 1752 1156 1847 ἡδονῇ
1172 1784 1196 1826 15

143 1861 200 1933 ἀτε
236 1860 360 1953 ἀνδρὸς
398 1860 536 1931 ἰδιώτου
577 1863 631 1930 καί
669 1861 803 1950 σφόδρα
844 1860 1000 1951 ἀμαθοῦς
1036 1863 1159 1951 λόγων,

143 1970 297 2039 πλάττειν
323 1969 385 2058 μὲν
413 1967 515 2038 οὐδὲν
544 1966 624 2038 ου’δέ
651 1968 816 2057 τεχνάζειν
844 1969 984 2056 εἰδότος,
1012 1969 1158 2059 φράζου-

143 2105 199 2160 τος
226 2076 264 2147 δέ
291 2072 381 2157 ὅπως
408 2072 450 2145 άυ
478 2077 553 2164 ἐπίη
580 2072 737 2162 τάληθές·
771 2071 788 2144 ὁ
818 2075 855 2144 δὲ
882 2073 924 2164 δὴ
957 2076 1069 2163 λόγος·
1086 2097 1158 2164 σχε-

144 2184 207 2252 δόν
234 2211 266 2251 τι
293 2184 368 2270 περὶ
394 2185 463 2250 τῶν
490 2181 668 2270 παρόντων
687 2184 764 2250 ἐστί.
802 2181 951 2269 φήσουσι
978 2181 1041 2271 γάρ
1066 2181 1161 2271 οἶμαι

105 2304 125 2357 G
144 2289 262 2357 πολλοὶ
289 2287 379 2375 παρδι
406 2290 473 2355 τῶν
492 2293 665 2375 μακαρίων
683 2291 856 2378 σοφιστῶν
884 2285 1159 2377 ἀναπειθόμενοι,
1173 2316 1199 2355 ιο

145 2390 197 2461 ότι
224 2390 288 2480 ἀρα
316 2390 416 2481 μικρά
434 2393 490 2461 καὶ
510 2395 623 2480 φαῦλα
650 2394 824 2484 πράγματα
852 2391 1096 2483 ἀναλεξάμενος
1116 2392 1160 2478 ῶς

145 2499 187 2586 δη
214 2525 246 2566 τι
274 2496 398 2586 σεμνὸν
425 2494 506 2586 ὑμῖν
538 2496 742 2587 ἀπαγγέλλω.
792 2504 891 2569 τοῦτο
924 2500 962 2569 δέ
990 2499 1033 2570 οὐ
1060 2512 1157 2590 φιλο-

145 2606 334 2684 νεικοῦντες
361 2603 444 2694 πρὸς
462 2602 542 2686 τοὺς
570 2604 671 2695 ἐμοὺς
699 2606 821 2692 λόγους
844 2604 924 2675 οὐδὲ
943 2606 998 2693 ἐμὲ
1015 2611 1075 2696 τῆς
1103 2605 1155 2678 ἐπ’

145 2707 259 2792 αὐτοῖς
287 2707 506 2798 ἀφαιρεῖσθαι
525 2711 624 2799 δόξης
651 2714 822 2794 ἐθέλοντες
846 2723 926 2795 ίσως
949 2709 992 2781 ἀν
1019 2723 1159 2785 εἴποιεν·

146 2827 237 2886 ίσασι
264 2815 328 2905 γάρ
348 2821 475 2905 σαφῶς,
503 2815 554 2887 ότι
573 2818 653 2906 μήτε
681 2815 870 2906 ἀντίτεχνος
888 2818 975 2888 εἶναι
995 2819 1160 2909 βούλομαι
1174 2848 1198 2888 ιε

231 3044 245 3090 1
270 3037 386 3108 θαλίην
404 3042 428 3091 V
460 3041 464 3104 λ
496 3036 670 3119 κεφάλαιον]
693 3043 803 3106 „Deest
820 3043 934 3094 verbum
952 3039 1093 3110 μιμητέον
1113 3049 1162 3095 aut

146 3108 213 3174 quid
226 3108 342 3164 simile.“
361 3112 420 3163 Pet.
490 3113 507 3159 4
524 3107 569 3173 το]
587 3127 614 3160 τι
631 3110 782 3160 Horkelius
851 3113 867 3160 7
886 3103 1023 3177 τυγχάνοι
1041 3110 1077 3184 ῌ]
1096 3129 1161 3178 τυγ-

145 3171 239 3242 χάνει.
270 3177 306 3228 ολ.
327 3178 412 3227 1241)
495 3180 526 3227 10
549 3171 655 3243 χάριεν,
674 3182 705 3227 ut
723 3176 822 3241 solent,
841 3178 898 3228 VM
980 3181 1011 3229 11
1030 3171 1099 3231 ου’τε
1117 3182 1160 3230 bis

145 3242 182 3310 H]
206 3233 277 3295 οόδὲ
360 3247 391 3294 12
414 3236 599 3325 ἐνοχλήσαιχιι
619 3245 678 3294 Pet.
699 3247 728 3294 in
747 3246 789 3298 ed.
808 3247 834 3298 fl.
853 3252 882 3297 et
900 3242 980 3313 Oob.]
1004 3239 1056 3314 όχλ
1070 3240 1160 3309 ’σαιμι

147 3313 178 3362 13
201 3309 288 3378 τινος]
308 3328 336 3362 τι
355 3311 418 3367 Cob;
446 3313 451 3377 1
477 3327 634 3379 τυγχανετε
651 3312 719 3366 Rsk.
740 3319 767 3363 et
785 3315 811 3363 H
882 3316 913 3364 15
937 3308 991 3380 γάρ
1010 3265 1081 3381 VM}
1102 3310 1159 3379 δὲΙ

140 3371 216 3430 οὐδὲ
235 3376 275 3445 Μ]
296 3371 386 3431 οὐδὲν
418 3378 422 3444 Ι
455 3373 605 3446 η’κρόασθε
624 3379 701 3447 Cob.]
726 3371 873 3445 ἀκροᾶσθε
906 3382 910 3443 Ι
944 3375 997 3445 ξόν
1016 3380 1088 3448 VM]
1108 3376 1161 3435 ουν

145 3449 178 3496 17
201 3439 340 3497 πλάττειν
358 3444 438 3514 Rek]
464 3441 583 3510 πλάζειν
652 3450 683 3499 19
704 3464 733 3499 τι
750 3449 813 3498 add.
833 3450 858 3499 V
926 3439 1161 3518 21ἀναλεξάμε·

145 3528 196 3570 νος
215 3511 302 3578 Cob.]‘
314 3505 541 3578 ἀναδεξάμενος.
571 3515 608 3566 cf.
628 3507 829 3581 ἐπιλεξάμενοι
847 3517 914 3567 55Β
