2416 3864
134 165 197 230 288
436 163 579 218 mmm
601 139 866 215 ιυευοιυοωε

136 305 347 364 σπασθείσαν
385 303 554 383 οἴχεσθαι·
591 288 628 361 τὸ
668 290 705 360 δέ
742 294 881 378 ρυεῖσαν
917 292 973 360 καὶ
1010 296 1154 361 διασπα-

94 413 280 471 Βσθεϊσαν
307 399 351 490 μὴ
379 401 553 491 προσέχων
570 425 619 478 τις
638 411 708 478 τοῖς
735 396 880 485 ῥήμασιν
907 393 1153 486 ὑδάτιονμηδέ

136 514 233 577 λίνου
261 507 432 597 μήρινθον
460 503 656 595 άιιροάσθω,
690 505 828 584 ξυνιέτω
858 502 895 571 δέ
921 502 962 572 τά
989 505 1153 593 λεγόμενα

135 614 260 704 τρόπον
288 611 409 699 άλλον,
441 609 483 682 δν
510 611 669 698 Πλάτων,
703 607 743 679 ὃν
771 619 957 697 Πλωτϊνος,
991 609 1034 679 δν
1063 620 1152 701 Πορ-

135 721 273 809 φύριος,
310 717 352 789 δν
389 714 407 789 ό
441 719 614 807 δαιμόνιος
648 715 839 805 Ἰάμβλιχος.
891 713 928 798 ὃς
960 713 992 785 δ’
1029 713 1073 785 άν
1111 716 1174 806 μὴν

136 827 240 916 ταύτῃ
268 830 362 916 ποιῇ,
391 826 564 912 γελάσεται
591 826 668 913 μέν,
701 832 780 892 ίστω
809 825 923 910 ’μέντοι
951 824 1154 912 Σαρδάνιον

137 936 244 1020 γελῶν
276 939 397 1023 ἔρημος
431 928 479 1001 τόν
511 929 562 1003 άεί
594 935 652 1019 τῆς
683 933 753 999 τῶν
788 932 880 998 θεῶν
912 930 1083 1017 γνιόσεως,
1116 922 1153 1018 ἧς

137 1037 294 1121 ἀντάξιον
314 1037 395 1108 οὐδὲ
422 1038 458 1109 τὸ
479 1042 591 1107 πάσαν
620 1033 706 1125 όμοῦ
725 1035 805 1125 μετά
823 1038 881 1124 τῆς
899 1038 967 1104 των
982 1032 1153 1125 Ῥωμαίων

96 1157 118 1212 O
138 1148 372 1235 ἐπιτροπεῦσαι
399 1143 462 1233 τὴν
489 1143 671 1234 βαρβάρων
690 1148 793 1238 ἐγωγε
819 1148 943 1230 θείμην
962 1139 1015 1230 άν,
1045 1140 1088 1212 οὐ
1111 1142 1154 1232 μά

136 1251 197 1320 τὸν
225 1249 307 1339 ἐμὸν
335 1251 501 1338 δεσπότην
520 1248 647 1317 Ἥλιον.
689 1245 772 1317 άλλά
799 1276 839 1337 με
866 1248 966 1318 πάλιν
995 1245 1059 1318 οὐκ
1087 1246 1151 1319 οἷδ’
1165 1272 1184 1312 1⁰

138 1354 229 1438 ὅστις
259 1359 352 1424 θεῶν
389 1356 443 1425 ἐπὶ
474 1352 567 1424 ταῦτ’
603 1353 803 1443 ἐβάκχευσεν
841 1352 882 1424 οό
918 1350 1153 1445 προελόμενον.

138 1453 180 1530 οὗ
212 1462 249 1530 δέ
282 1463 394 1530 ἕνεκεν
432 1468 518 1550 ἐφην
551 1458 653 1530 αὐτά·
692 1460 774 1530 κατὰ
807 1460 867 1549 μὲν
899 1459 961 1549 τὴν
998 1462 1154 1531 διάνοιαν

138 1565 407 1656 άπεμφαίνοντες
437 1566 519 1637 όταν
552 1572 588 1638 οἱ
621 1570 728 1656 μάθοι
759 1576 941 1655 γίγνωνται
978 1570 1055 1658 περὶ
1087 1573 1154 1638 τῶν

136 1681 253 1763 θείων,
282 1671 429 1744 αὐτόθεν
451 1671 539 1763 ’ἡμῖν
558 1672 667 1764 ὥσπερ
692 1677 797 1761 βοῶσι
824 1674 880 1742 καὶ
908 1674 1152 1766 διαμαρτάρον-

137 1807 191 1848 ται
223 1780 268 1870 μὴ
302 1781 470 1851 πιστεύειν
503 1778 630 1867 άπλῶς,
662 1778 745 1849 άλλδι
771 1778 808 1849 τό
842 1778 984 1868 λεληθὸς
1018 1797 1153 1851 σκοπεῖν
1165 1801 1182 1843 1⁵

138 1889 193 1955 καί
222 1891 473 1979 διερευνᾶσθαι.
509 1887 658 1978 τοσούτῳ
687 1883 719 1957 δ’
751 1888 819 1956 ἐστὶ
847 1901 997 1978 κρεῖττον
1021 1889 1059 1955 ἐν
1077 1889 1153 1958 τού-

30 1997 35 2009 '
138 2020 207 2076 τοις
225 1998 287 2064 τοῦ
306 1999 431 2083 σεμνοῦ
458 1993 496 2064 τὸ
516 1992 738 2082 άπεμφαῑνον,
767 1991 835 2085 όσμ
860 1991 916 2062 διά
934 1993 996 2080 μὲν
1023 1996 1154 2063 ἐκείνου

93 2099 261 2182 Βααλοὺς
288 2107 365 2169 λίαν
392 2102 449 2170 καὶ
477 2100 641 2189 μεγάλους
668 2100 723 2169 καὶ
752 2096 920 2186 άγαθοός,
948 2097 1154 2189 ἀνθρώπους

138 2206 176 2275 δὲ
204 2204 292 2294 ὅμως
319 2205 398 2287 τοὺς
431 2205 535 2286 θεοὺς
566 2211 727 2286 κίνδυνος
753 2212 903 2293 νομίσαι,
937 2204 993 2274 διὰ
1022 2206 1061 2275 δὲ
1088 2210 1154 2275 τῶν

138 2309 420 2399 άπεμφαινόντων
466 2308 687 2400 ὑπεριδόντας
732 2315 801 2381 τῶν
847 2314 884 2381 ἐν
924 2315 969 2403 τῷ
1017 2316 1185 2405 φανερῷθ

138 2418 328 2504 λεγομένων
365 2419 418 2511 ἐπὶ
450 2415 512 2505 τὴν
549 2418 754 2507 ἐξηρτημένην
790 2415 904 2487 αὐτῶν
941 2409 1063 2488 οὐσίαν
1099 2421 1154 2488 καὶ

137 2518 368 2610 ὑπερέχουσαν
399 2523 507 2592 πάντα
539 2521 579 2591 τά
613 2521 694 2592 όντα
725 2523 883 2614 καθαράν
915 2524 1035 2612 νόησιν
1064 2528 1154 2606 ἐλπίς

138 2626 353 2717 ἀναδραμεῖν.

83 2753 136 2801 223
218 2743 332 2802 Αίτιαι
364 2735 425 2823 μὲν
458 2727 522 2804 οὖν
558 2727 656 2806 αὗται
688 2740 750 2806 τοῦ
782 2735 844 2824 την
876 2735 1066 2826 τελεστικὴν
1098 2740 1154 2807 καὶ

138 2839 378 2930 μυσταγωγὸν
403 2849 611 2930 φιλοσοφίαν
647 2841 687 2911 τά
726 2843 805 2933 (μὲν
842 2844 989 2933 ῥήματα)
1027 2843 1186 2925 παντὸςσ

137 2951 265 3035 μάλλον
293 2944 397 3037 εὐαγῆ
425 2951 481 3017 καί
510 2947 614 3038 σεμνὰ
642 2951 886 3041 προφέρεσθαι,
914 2949 998 3018 κατά
1027 2950 1065 3019 δέ
1091 2949 1154 3039 τὴν

138 3055 293 3124 διάνοιαν
332 3052 547 3145 άλλοιοτέραν
583 3066 754 3125 ποιεῖσθαι
791 3052 852 3142 τὴν
889 3056 1045 3145 ἐξήγησιν
1086 3060 1154 3125 τῶν

137 3162 309 3286 τοιούτων.
347 3157 364 3231 ὁ
395 3162 431 3231 δὲ
458 3164 516 3249 τῆς
543 3165 610 3230 τῶν
637 3160 735 3250 ἠθῶν
763 3162 1028 3253 ἐπανορθώσεως
1045 3151 1154 3232 ’ἕνεκα

206 3281 424 3413 2προσανέχων
442 3333 509 3386 Rsk
537 3330 541 3376 Ι
574 3328 701 3451 ρημασιν
717 3330 751 3399 V]
771 3325 896 3419 ῥήμασι
948 3336 978 3383 11
998 3324 1153 3400 προελόμε-

138 3414 190 3450 νον
208 3394 284 3478 Cob]
303 3394 512 3466 προειδόμενον
582 3403 614 3451 13
633 3398 789 3465 γίγνωνται
807 3397 843 3466 V]
863 3399 1025 3480 γίγνονται
1083 3403 1155 3452 λθελ

139 3467 171 3514 14
190 3463 222 3516 τό
241 3468 327 3518 θεῖον
345 3469 422 3520 Vin.
441 3485 493 3548 pn,
517 3467 573 3519 τῶν
591 3469 736 3519 θείωνω.
754 3485 775 3519 ε.
846 3470 879 3519 20
902 3461 958 3520 όπε
959 3461 1097 3536 ιδοντας
1114 3464 1153 3533 V]

134 3524 314 3596 νπεριδόντα
400 3537 433 3586 25
456 3552 491 3586 τα
484 3529 598 3602 μὲν’
581 3531 696 3602 ρόματα
714 3535 795 3602 Oob.]
821 3527 887 3588 τά.
950 3538 1049 3596 „.V,
1136 3551 1154 3585 v
