2446 3870
491 165 628 218 οειντο
646 167 695 218 1v.
1036 169 1096 233 137

82 288 167 372 θεὸς
199 287 327 372 Ἡλίου·
364 292 471 384 τούτῳ
509 293 547 361 δὲ
583 291 690 382 αὐτὴν
726 290 921 366 ὑποτάττων
952 293 1004 365 άεὶ
1041 299 1096 366 καὶ

83 393 286 485 ἀποφαίνων
318 400 514 488 σύνθρονον
546 399 705 488 ἐξηγητὴς
730 397 811 489 ἡμῖν
843 406 911 471 ἐστι
942 405 1011 470 τῶν
1042 405 1096 471 ἐπὶ

82 506 144 570 τοῦ
161 507 247 574 θεοῦ
264 511 450 574 καλλίστων
473 506 716 593 διανοημάτων.
762 508 871 590 πάσας
894 507 931 578 δὲ
949 511 986 576 ἐν
1005 505 1096 600 αὑτῷ

82 611 245 698 περιέχων
273 607 290 679 ὁ
317 609 400 692 θεὸς
432 608 489 681 ὅδε
521 609 580 693 τὰς
612 609 718 702 άρχάς
745 617 803 701 τῆς
835 621 1010 702 καλλίστης
1037 636 1136 690 νο-Β

53 718 159 805 σεράς
192 717 404 805 συγκράσεως
427 714 542 799 Ἥλιος
566 715 736 788 Ἀπόλλων
769 723 838 789 ἐστὶ
866 723 1095 808 Μουσηγέτης.

81 823 151 891 ἐπεὶ
181 823 217 890 δὲ
244 825 300 891 καὶ
329 821 411 910 ὅλην
438 820 519 912 ἡμίν
546 821 607 912 τὴν
634 828 693 912 της
720 823 870 908 εὐταξίας
898 824 984 914 ζωὴν
1012 846 1094 913 συμ-

81 936 218 1018 πληροῖ,
250 933 353 1021 γεννᾷ
385 929 447 1017 μὲν
478 932 516 999 ἐν
547 931 661 1022 κόσμῳ
694 930 754 1000 τὸν
784 929 997 1020 Ἀσκληπιόν,
1029 938 1094 1020 ἔχει

80 1032 118 1101 δὲ
146 1032 252 1103 αὐτὸν
279 1037 335 1104 καὶ
357 1025 427 1125 Ιπρὸ
453 1039 515 1105 του
543 1036 672 1123 κόσμου
699 1035 778 1127 παρ’
809 1040 925 1130 ἑαυτῷ.

158 1138 255 1210 Ἀλλά
286 1140 411 1223 πολλάς
443 1141 504 1230 μὲν
536 1141 578 1211 άν
614 1169 663 1223 τις
694 1144 750 1211 καὶ
786 1142 887 1225 άλλας
922 1146 998 1234 περὶ
1033 1142 1094 1214 τὸν

40 1270 66 1309 10
78 1245 165 1315 θεὸν
201 1242 299 1316 τόνδε
337 1248 496 1335 δυνάμεις
531 1251 672 1338 θεωρῶν
709 1247 825 1319 οὔποτ’
864 1246 907 1318 άν
943 1253 1092 1338 ἐφίκοιτο

79 1357 212 1422 πασῶν·
245 1351 374 1445 ἀπόχρη
408 1354 445 1423 δὲ
473 1357 531 1442 τῆς
561 1355 622 1442 μὲν
650 1361 813 1444 χωριστης
844 1358 900 1425 καὶ
927 1354 991 1447 πρὸ
1024 1360 1093 1425 τῶν

81 1459 245 1546 σωμάτων
277 1458 328 1530 ἐπ’
359 1457 472 1529 αὐτῶν
504 1459 595 1548 οἶμαι
627 1465 695 1530 τῶν
727 1465 860 1549 αἰτιῶν,
892 1469 931 1531 αδ
959 1490 1093 1553 κεχωρι-

83 1566 203 1651 σμέναι
221 1570 277 1655 τῆς
304 1569 453 1657 φανεράς
470 1567 725 1656 προϋπάρχουσι
753 1573 986 1656 δημιουργίας,
1015 1579 1132 1657 ίσηνο

19 1666 22 1669 “
77 1665 180 1762 Ἡλίω
208 1675 261 1741 καί
281 1675 340 1741 Διὶ
367 1671 430 1761 τὴν
457 1678 660 1742 δυναστείαν
682 1675 739 1741 καὶ
765 1681 846 1761 μίαν
873 1671 1093 1765 ὑπάρχουσαν

38 1797 66 1838 1⁵
79 1781 339 1868 τεθεωρηκέναι,
371 1777 433 1867 τὴν
466 1778 503 1847 δὲ
535 1775 701 1866 άπλότητα
733 1782 801 1847 τῶν
832 1780 985 1868 νοήσεων
1012 1778 1092 1868 μετά

77 1887 140 1952 τοῦ
172 1889 350 1955 διαιωνίου
377 1886 432 1953 καὶ
464 1883 547 1955 κατά
578 1882 682 1953 ταύτά
714 1891 860 1972 μονίμου
893 1884 954 1967 ξὺν
979 1883 1091 1956 Ἀπόλ-

77 1998 161 2057 λωνι
193 1990 422 2079 τεθεαμένοις,
454 1989 492 2059 τὸ
526 1991 563 2059 δὲ
596 1988 752 2078 μεριστὸν
783 1994 841 2078 τῆς
873 1996 1092 2079 δημιουργίας

76 2094 159 2183 μετά
185 2099 248 2166 τοῦ
275 2095 337 2184 τὴν
369 2094 527 2186 μεριστὴν
554 2095 829 2184 ἐπιτροπεύοντος
862 2093 983 2164 οὐσίαν
1010 2105 1092 2164 Λιο-

77 2201 204 2288 νάσου,
236 2200 273 2271 τὸ
302 2202 340 2271 δὲ
367 2206 425 2290 τῆς
451 2208 627 2290 καλλίστης
659 2208 860 2292 συμμετρίας
891 2203 947 2272 καὶ
974 2205 1093 2292 νοεράς

37 2328 63 2366 2⁰
78 2307 228 2397 κράσεως
254 2310 329 2398 περὶ
361 2306 424 2396 τὴν
451 2312 512 2377 τοῦ
539 2311 765 2396 Μουσηγέτου
798 2309 944 2396 δύναμιν
970 2320 1091 2379 τεθεω-

78 2413 214 2502 ρηκόσι,
246 2414 283 2483 τὸ
317 2417 538 2504 συμπληροῦν
570 2415 607 2483 δὲ
643 2414 705 2502 τὴν
737 2411 893 2495 εὐταξίαν
924 2418 982 2502 τῆς
1014 2412 1093 2502 ὅλης

78 2522 162 2606 ζωῆς
190 2518 252 2600 ξὺν
277 2517 460 2612 Ἀσκληπιῷ
487 2524 615 2589 νοοῦσι.
660 2521 891 2609 τοσαῦταμὲν
918 2516 1001 2610 ὑπὲρ
1024 2525 1092 2589 τάν

77 2632 295 2713 προκοσμίωυ
316 2623 429 2696 αὐτοῦ
457 2627 645 2714 δυνάμεων,
674 2632 754 2716 ἔργα
783 2626 820 2694 δὲ
838 2623 985 2714 ὁμοταγῆ
1012 2627 1134 2699 ταά-Ι)

35 2861 61 2902 ει
75 2837 252 2927 πλήρωσις.
289 2836 402 2926 ἐπειδὴ
431 2839 494 2927 γάρ
523 2840 592 2907 ἐστι
610 2839 747 2927 γνήσιος
765 2844 902 2925 ἔγγονος
928 2835 1092 2924 τάγαθοῦ,

76 2943 347 3033 παραδεξάμενος
373 2941 452 3034 παρ’
483 2940 589 3014 αὐτοῦ
616 2951 745 3014 τελείαν
772 2945 834 3032 τὴν
861 2941 996 3032 άγαθὴν
1019 2957 1091 3030 μοῖ-

145 3186 231 3245 2ἐπλ
249 3186 356 3259 Pei]
342 3189 398 3246 υττδ
475 3199 491 3246 3
514 3189 608 3254 πάσας
627 3185 785 3276 VMbG]
772 3185 881 3250 οπόσας
959 3195 974 3242 5
996 3181 1089 3271 ηλιος]

76 3263 513 3342 „Expunxerimhanovoeemf‘
536 3263 596 3313 Pet.
667 3253 1092 3344 11άπάχρηδὲΗ]ἀποχρη”ν

76 3297 113 3379 δὲ
132 3321 413 3409 Μαεοί1.,άποχρῆν
431 3330 495 3381 libri
513 3338 540 3380 ει
558 3346 575 3380 v
650 3331 681 3380 16
704 3344 812 3380 ταντον
830 3328 970 3380 MbEFG
1002 3328 1007 3390 Ι
1040 3325 1092 3390 ξὺν

77 3391 114 3462 V]
134 3387 187 3447 σάν
257 3395 324 3460 22ξ
309 3390 362 3460 ξάν
371 3394 417 3474 V]
438 3393 491 3449 σάν
560 3399 593 3447 25
612 3391 727 3462 ἔγγονος
745 3393 779 3461 V]
799 3391 936 3460 ἔκγονοςΙ
956 3389 1092 3474 τάγαθον

75 3460 158 3529 libri]
189 3461 240 3515 τοῦ
266 3456 384 3530 α’γαθοῦ
469 3467 503 3514 26
530 3464 642 3516 τελείαν
668 3464 735 3526 VG,
762 3465 877 3514 τελείων
900 3462 1021 3526 MbEF,
1048 3458 1092 3514 τὲ-

75 3531 154 3582 λειον
172 3547 190 3582 v
227 3551 231 3558 ·
