2416 3864
126 170 190 235 286
315 203 318 208 -
433 172 577 224 ιοοιιαι
595 170 844 223 ιιινοοιτοοιε

127 296 281 390 θρωπικὴ
318 298 379 387 μὲν
415 294 436 386 ἡ
474 297 583 388 σπορὰ
620 295 677 367 διὰ
713 299 781 366 τῶν
817 303 1020 388 κεραννίων,
1055 294 1076 385 η
1113 296 1146 368 δ’

128 404 313 493 ἀποκάησις
332 401 628 495 ἀνθρωπικωτέρα,
656 401 785 492 ἀμφοίν
805 400 933 474 δὲ’τολν
952 404 1148 493 είρημένοιν

126 511 390 602 προσομοιότερα
417 526 487 592 τοῖς
514 507 745 602 ἀνθρωπίνοις
761 508 812 579 ’τά
831 516 926 599 ἐρμα;
954 517 990 579 τί
1010 503 1075 580 οὖν
1105 509 1147 581 06

127 619 387 706 καταβάλλοντες
414 615 473 687 τὸν
505 620 610 708 λῆρον
642 620 749 688 ἐκεῖνο
781 619 917 706 πρῶτον
950 613 1034 706 ὑπὲρ
1067 618 1146 687 τοά-

127 752 195 794 των
223 734 333 812 λ’σμεν,
367 719 412 805 ῶς
438 725 566 812 Σεμέλη
595 723 684 812 σοφὴ
716 723 757 791 τά
783 734 877 806 θείας
905 739 981 804 παῖς
1009 722 1074 813 γάρ
1102 715 1171 812 ἦνε

129 831 270 919 Κάδμον
296 833 359 900 τοῦ
379 838 549 918 Φοίνικος,
576 831 707 912 τούτοις
734 829 772 899 δὲ
790 832 846 898 καὶ
866 825 884 899 6
907 828 989 911 θεὸς
1017 837 1146 918 σοφίαν

127 951 290 1027 μαρτυρεῖ

96 1069 100 1079 ‘
207 1060 341 1143 Πολλὰς
367 1061 423 1128 καὶ
452 1066 607 1142 Φοίνικες
635 1057 736 1142 ὁδοὺς
763 1060 923 1149 μακάρων
951 1059 1101 1148 ἐδάησαν

74 1187 249 1272 εκιλέμων.
295 1187 478 1254 αἰσθέσθαι
506 1176 569 1252 οὖν
591 1210 657 1270 ,μοι
690 1187 784 1252 δοκεῖ
813 1187 874 1254 τοῦ
905 1186 993 1253 θεοῦ
1019 1185 1144 1255 τούτου

126 1394 232 1465 αὐτοῦ
267 1392 330 1465 οὐκ
362 1401 409 1476 είς
441 1393 573 1486 μακράν
604 1394 883 1486 προαμορεύσασα
915 1399 1050 1484 κινῆσαι
1084 1398 1145 1487 μὲν

125 1505 263 1589 θάττον,
291 1497 501 1590 ἢπροσῇκον
523 1493 578 1589 ἦν,
605 1500 766 1570 τινὰτῶν
789 1504 864 1592 περὶ
884 1500 988 1572 αὐτὸν
1007 1500 1144 1594 ὀργίων,

127 1606 190 1678 οὐκ
222 1605 431 1696 ἀνασχομένη
464 1606 525 1677 τὸν
557 1605 758 1698 εἱμαρμένον
789 1621 975 1699 περιμεῖναι
1007 1610 1144 1700 χρόνον,

127 1713 197 1802 εἶτα
230 1711 448 1803 ἀναλωθῆναι
479 1712 562 1805 πρὸς
592 1716 655 1783 τοῦ
686 1713 792 1803 πνρὸς
825 1719 887 1784 τοῦ
920 1717 1060 1805 ῥυέντος
1089 1714 1141 1786 ἐπ’

127 1819 241 1909 αὐτήν.
292 1824 362 1890 ἐπεὶ
390 1821 427 1890 δὲ
460 1824 615 1891 ἐδέδοκτο
647 1824 693 1913 τῷ
726 1822 787 1888 Διὶ
814 1824 912 1912 κοινῇ
948 1825 1051 1891 πᾶσιν
1084 1820 1142 1892 άν-
1156 1849 1178 1890 ιε

126 1927 277 2018 θρώποις
314 1930 474 1999 ἐνδοῦναι
515 1924 622 2016 ἀρχὴν
663 1927 893 2009 καταστάσεως
934 1930 1047 2017 ἑτέρας
1088 1932 1144 1999 καὶ

126 2034 343 2123 μεταβάλλειν
371 2031 496 2116 αὐτοὺς
524 2036 560 2102 ἐκ
578 2036 639 2103 τοῦ
667 2037 855 2121 νομαδικοῦ
874 2041 953 2122 βίον
980 2034 1066 2124 πρὸς
1084 2034 1144 2105 τὸν

90 2138 348 2232 Βὴμερῶτερον,
376 2144 409 2223 ἐξ
434 2138 553 2211 Ἰνδῶν
571 2135 589 2208 6
609 2139 780 2221 Διόνυσος
803 2138 967 2222 αῶτοπτος
986 2143 1143 2228 ἐφαίνετο

126 2254 271 2335 δαίμων,
309 2249 491 2335 ἐπιφοιτῶν
522 2244 581 2326 τὰς
612 2245 738 2333 πόλεις,
776 2244 869 2334 άμων
905 2243 981 2334 μεθ’
1018 2249 1143 2318 ἑαυτοῦ

127 2351 284 2442 στρατιῶν
311 2351 439 2441 πολλην
467 2346 652 2439 δαιμονίων
678 2349 754 2420 τινὰ
782 2354 838 2422 καὶ
862 2351 979 2434 διδοὺς
1006 2350 1142 2444 άνθρῶ-
1156 2382 1179 2422 ιο

19 2507 22 2515 -
126 2485 200 2540 ποις
228 2460 325 2547 κοινῇ
352 2455 454 2546 μέν”
432 2476 536 2525 απασι
554 2457 783 2545 σύμβολον
743 2485 802 2547 της
822 2462 1016 2547 ἐπιφανείας
1035 2458 1144 2530 αὐτοῦ

126 2562 163 2632 τὸ
191 2566 249 2651 τῆς
276 2559 432 2654 ημερίδος
460 2563 585 2650 φυτόν,
614 2559 675 2652 ὑφ’
707 2555 750 2633 06
777 2593 834 2653 μοι
862 2567 1040 2653 δοκοῦσιν,
1070 2568 1142 2690 ἐξη-

126 2671 349 2760 μερωθέντων
377 2667 491 2799 ’μάτοϊς
518 2673 586 2739 τῶν
613 2669 739 2760 περὶ
707 2697 767 2740 τον
795 2677 882 2759 βίον,
902 2669 1060 2758 Ἕλληνες
1085 2677 1143 2760 τῆς

127 2779 317 2864 ἐπωνυμίας
348 2774 429 2846 αὐτὸ
462 2803 585 2865 ταντης
618 2773 771 2864 ἀξιῶσαι,
808 2778 933 2866 μητέρα
966 2774 999 2845 δ’
1034 2775 1142 2848 αὐτοῦ

126 2898 318 2973 προσειπειν
350 2910 411 2989 την
438 2884 589 2970 Σεμέλην
622 2881 678 2950 διὰ
693 2909 771 3012 την
798 2884 999 2974 πρόρρησιν,
1032 2883 1140 2967 άλλως
1153 2910 1177 2951 τε

91 3007 160 3063 Cve
186 2992 242 3059 καὶ
270 2993 331 3059 τοῦ
357 2981 444 3059 θεοῦ
471 2992 633 3076 τιμῶντος
659 2986 776 3077 αὐτήν,
805 2988 861 3059 άτε
888 2990 1024 3079 πρῶτην
1054 2992 1140 3083 ἱερό-

127 3124 250 3183 φαντιν
282 3099 339 3185 τῆς
371 3102 418 3165 ἐτι
446 3095 649 3184 μελλούσης
661 3096 909 3185 ἐπιφοιτήσεως.
955 3094 1060 3185 οὔσης
1092 3101 1141 3185 δέ,

127 3199 171 3284 ῶς
199 3201 242 3271 ἀν
268 3230 318 3284 τις
351 3200 496 3292 ἀκριβῶς
529 3204 663 3272 σκοπῶν
696 3202 870 3290 ἐξετάσειε,
902 3205 960 3290 τῆς
993 3207 1142 3293 ίστορίας

211 3408 549 3488 17Με1ιωμεταβαλειν
631 3401 696 3459 18
679 3423 866 3474 ημερωτατον
884 3414 941 3472 pet
1023 3411 1057 3459 20
1075 3424 1141 3459 τινα

126 3482 175 3525 aut
192 3481 256 3541 post
274 3469 414 3555 πολλήνλ
416 3492 579 3542 ransponam
598 3480 646 3526 aut
663 3475 750 3526 τινῶν
769 3478 889 3528 scribam
975 3478 1008 3526 24
1032 3469 1061 3526 δ’
1087 3466 1140 3526 αὖ·

119 3538 173 3592 τοῦ
195 3540 229 3608 V]
246 3538 281 3594 δὲ
300 3535 392 3596 αὐτοῦ
469 3547 502 3595 26
526 3537 694 3610 ίεροφάντιν
713 3545 736 3594 V
754 3550 808 3610 pet.
885 3544 918 3594 28
937 3534 1082 3608 ἐξετάσειε
1099 3540 1138 3607 Η]
