2446 3870
140 154 200 218 172
439 157 584 208 ιααιεσι
601 156 850 209 ιαεααλσοαιε

136 282 206 353 θὸν
233 285 412 371 ἐγέννησεν
440 280 609 369 ἀνάλογον
637 286 760 376 ἑαυτῷ,
788 281 899 373 ὅτιπερ
928 281 1010 352 αύτὸ
1040 286 1077 353 έν
1104 289 1150 378 τῷ

138 393 246 482 νοητῷ
274 389 365 481 τόπφ
392 388 477 479 πρός
502 416 538 457 τε
565 391 651 459 νοῦν
683 392 739 460 καὶ
766 388 807 458 τά
834 390 1018 478 νοούμενα,
1049 390 1156 461 τούτο

136 499 259 565 τούτου
291 499 328 565 έν
363 498 409 586 τῷ
448 492 557 588 ὁρατῷ
594 495 677 585 πρός
709 522 744 565 τε
781 493 862 578 όψιν
897 498 953 565 καὶ
986 494 1027 564 τά
1062 493 1151 586 ὁρεό-

138 604 251 690 μενα.“
302 608 367 689 ἔχει
399 601 460 690 μέν
497 600 539 689 δὴ
571 599 610 671 τὸ
644 605 717 688 φύς
753 599 860 671 αύτού
895 603 1022 691 ταύτην
1059 601 1154 692 οἶμαι

138 708 199 796 τὴν
227 705 412 795 ἀναλογίαν
439 705 522 797 πρὸς
544 706 582 777 τὸ
602 704 736 797 ὁρατόν,
763 706 868 798 ἥνπερ
895 706 979 798 πρὸς
1005 706 1043 777 τὸ
1071 730 1180 799 von-⁶

138 811 198 884 τὸν
226 811 376 902 ἀλήθεια.
413 811 514 895 αύτὸς
533 813 570 883 δὲ
590 810 607 883 ὁ
627 815 765 902 ξύμπας,
793 812 849 884 ἀτε
877 813 919 904 δὴ
938 817 1000 884 τοῦ
1018 815 1154 905 πρώτου

103 922 195 995 Βοιαὶ
227 927 386 1008 μεγίστου
417 923 476 1009 τῆς
508 923 597 1002 ίδέας
633 917 787 1007 τάγαθοῦ
822 921 969 1008 γεγονὼς
1005 927 1153 1010 ἔκγονος,

67 1080 69 1084 -
139 1023 287 1106 ύποστάς
315 1025 423 1096 αὐτοῦ
453 1029 530 1116 περὶ
561 1024 623 1115 τὴν
655 1027 799 1117 μόνιμον
827 1025 949 1097 ούσίαν
976 1030 1010 1109 ἐξ
1038 1025 1152 1098 ἀιδίου

138 1134 195 1201 καὶ
212 1130 275 1221 τὴν
303 1135 340 1202 ἐν
357 1147 428 1213 τοῖς
454 1147 586 1222 νοεροῖς
602 1144 697 1214 θεοῖς
719 1136 920 1224 παρεδέξατο
939 1140 1154 1223 δυναστείαν,

140 1231 189 1307 ὧν
215 1235 368 1325 τάγαθόν
396 1240 465 1307 έστι
491 1254 561 1320 τοῖς
588 1253 721 1327 νοητοῖς
749 1241 872 1328 [θεοῖς]
902 1249 1020 1327 αίτιου,
1047 1245 1153 1310 ταῦτα
1167 1263 1193 1302 1⁰

140 1342 241 1426 αὐτὸς
277 1360 346 1426 τοῖς
386 1359 516 1434 νοεροῖς
556 1346 677 1433 νέμων.
732 1352 801 1415 ἔστι
838 1343 871 1416 δ’
910 1355 1019 1416 αἴτιον
1060 1343 1154 1436 οἶμαι

139 1448 292 1538 τάγαθὸν
318 1465 389 1532 τοῖς
416 1466 550 1539 νοητοῖς
575 1462 670 1533 θεοῖς
696 1451 849 1540 κάλλους,
878 1449 1006 1540 οὐσίας,
1032 1454 1154 1523 τελειό-

139 1585 251 1645 τητος,
280 1557 443 1644 ἑνούσεως,
472 1559 615 1645 συνέχον
643 1555 728 1627 αύτά
755 1560 811 1628 καὶ
838 1558 1045 1648 περιλάμπον
1072 1557 1154 1646 ἀγα-

139 1668 272 1732 θοειδεῖ
301 1665 450 1753 δυνάμει.
496 1665 600 1733 ταῦτα
632 1663 674 1753 δὴ
702 1666 758 1733 καὶ
789 1680 859 1745 τοῖς
885 1680 1016 1754 νοεροῖς
1039 1663 1156 1748 Ἥλιος

106 1775 297 1855 Οδίδωσιν,
325 1768 440 1859 ἀρχειν
467 1771 523 1839 καὶ
550 1770 740 1859 βασιλεύειν
769 1767 881 1839 αύτῶν
908 1767 973 1839 ὑπὸ
1001 1768 1155 1857 τάγαθοῦ
1170 1791 1195 1834 15

140 1877 355 1965 τεταγμένος,
387 1882 419 1945 εί
443 1877 500 1946 καὶ
528 1880 770 1966 σνμπροῆλθον
803 1874 894 1969 αύτῷ
926 1878 982 1945 καὶ
1010 1880 1156 1947 συνυπέ-

142 2002 280 2070 στησαν,
308 1981 398 2065 ὅπως
426 1981 519 2071 οἶμαι
545 1984 602 2052 καὶ
628 1998 699 2064 τοῖς
726 1999 856 2073 νοεροῖς
877 1993 973 2064 θεοῖς
999 1980 1157 2071 ἀγαθοει-

143 2087 203 2177 δης
221 2095 311 2166 αίτία
329 2092 633 2179 προασθηγουμένη
658 2092 727 2158 τόν
746 2087 887 2177 ἀγαθῶν
904 2092 1007 2159 πᾶσιν
1026 2087 1156 2159 ἅπαντα

142 2193 225 2263 αατά
257 2199 343 2264 υούν
376 2193 516 2283 εύθύνη.
562 2193 645 2263 ἀλλά
677 2197 733 2263 καὶ
763 2203 874 2285 τρίτος
905 2192 923 2264 ὁ
952 2196 1157 2284 φαινόμενος

143 2296 260 2367 ούτοσλ
287 2305 402 2382 δίσκος
430 2303 578 2389 ἐναργῶς
597 2300 702 2381 αίτιός
721 2303 789 2370 ἐστι
807 2317 877 2383 τοῖς
904 2307 1080 2389 αἰσθητοῖς
1097 2306 1156 2391 τῆς
1169 2325 1195 2364 20

143 2412 322 2494 σωτηρίας,
354 2407 410 2475 καὶ
438 2403 528 2475 ὅσων
560 2411 688 2494 ἔφαμεν
715 2422 786 2488 τοῖς
817 2423 948 2498 νοεροῖς
973 2418 1069 2489 θεοῖς
1095 2407 1157 2478 τὸν

142 2513 247 2599 μέγαν
266 2509 411 2599 Ἥλιον,
432 2511 604 2581 τοσούτων
635 2515 690 2581 καὶ
719 2508 736 2582 ὁ
766 2515 969 2603 φαινόμενος
1001 2511 1060 2583 ὅδε
1086 2529 1157 2596 τοῖς

143 2632 313 2706 φανεροῖς.
363 2619 492 2688 τούτων
529 2615 561 2687 δ’
597 2622 747 2709 ἐναργεῖς
783 2625 821 2689 αί
853 2627 979 2702 πίστεις
1014 2623 1051 2690 ἐκ
1087 2624 1156 2690 τῶν

97 2725 359 2813 Βφαινομένων
385 2723 427 2795 τά
459 2721 573 2815 ἀφανῆ
607 2730 797 2796 σκοποῦντι.
843 2730 923 2817 φέρε
937 2725 993 2815 ’δὴ
1021 2729 1155 2818 πρῶτον

142 2828 223 2901 αύτὸ
256 2829 293 2900 τό
327 2835 400 2920 φῶς
436 2830 498 2902 ούκ
534 2831 624 2915 εἶδός
661 2836 750 2902 ἐστιν
786 2831 964 2921 ἀσώματόν
999 2861 1030 2901 τι
1069 2835 1154 2921 [καὶ]
1169 2853 1195 2895 ω

161 3030 163 3033 ¹
212 3062 224 3106 1
250 3050 322 3108 αύτὸ
341 3054 434 3122 Plato]
460 3048 552 3108 ἕαυτῶ
568 3040 652 3122 libri,
676 3048 762 3110 έαντὸ
784 3075 802 3108 v
875 3053 985 3125 λπρός
1007 3074 1038 3111 τε
1060 3059 1154 3125 Plato]

141 3119 214 3204 πρός
231 3139 264 3188 γε
296 3125 300 3192 Ι
334 3120 419 3205 τούηο
437 3140 496 3200 om.⁸
506 3124 584 3207 litum·
657 3127 768 3204 θξοεῖ.
788 3119 919 3208 ἀλήθεια
946 3127 956 3203 ιΙ
989 3122 1102 3193 ξύμπας
1120 3127 1155 3195 V]

116 3265 119 3270 ·
142 3206 261 3310 55²ss5ss
280 3251 299 3310 ι
319 3190 673 3320 ἀεξόωῗόιάἔόζὲλ
694 3196 820 3313 ῗέιῖῗω
848 3195 1156 3328 ἀοῖἀῖὲἒὶιδαόόέἳ

142 3318 243 3386 αὐτοῖς
275 3279 345 3390 lyd}
363 3328 444 3379 VMb
531 3300 720 3409 12uvoiya246v
742 3327 819 3398 libri]
838 3323 871 3382 τό
890 3321 1008 3398 ἀγαθὸν
1033 3330 1038 3394 Ι
1071 3331 1156 3390 θεοῖς

142 3395 206 3445 add.
231 3394 310 3475 libri!
363 3398 395 3447 22
417 3396 473 3476 Αμῖ
496 3401 560 3461 post
585 3396 678 3448 Ηλιον
702 3399 806 3448 excidit
832 3397 929 3478 αίτηον
956 3402 1005 3450 aut
1027 3414 1077 3477 μορ
1103 3395 1154 3450 καὶ

136 3463 562 3580 φρεηηφηουτωέὖεέηηξιεαδρω
581 3461 756 3583 εσῖθαίτιοφὴ
774 3468 949 3546 .23,το,υτων
967 3463 1003 3531 V]
1023 3481 1129 3551 τουτον
1150 3463 1154 3532 λ

458 3546 552 3595 μανον
568 3548 597 3581 τι
640 3547 701 3582 ειον
729 3531 792 3600 1r1]
811 3547 963 3599 ασωματον
982 3529 1032 3583 καὶ
1049 3531 1137 3584 θετον
