2436 3870
120 128 184 192 382
275 178 277 182 ,
425 127 569 178 mmm
587 123 835 176 ΙΜΡοοεΤοοιε

121 253 152 324 δ’
184 249 256 345 (ἀν)
286 255 435 342 ἐξελέγχῃ
461 279 521 338 τις,
549 250 592 340 μη
622 248 797 338 ἀτιμάζειν.
839 244 920 316 οῦδὲ
948 246 1013 339 γάρ
1042 245 1130 316 εῦλο-
1197 239 1199 243 ’

81 377 183 446 Ογον
216 360 476 447 ἐπιλαβομένους
507 359 629 446 ταύτης
659 360 718 444 τῆς
749 353 904 444 ἀφορμῆς
931 352 973 424 ού
1005 355 1131 424 τούτων

120 467 237 555 μόνον,
265 463 347 534 ἀλλά
375 466 518 533 καὶτῶν
546 467 741 551 ἐπιτηδείων
759 463 920 549 τιμᾶσθαι
947 458 1011 550 τὴν
1038 457 1131 549 τιμὴν

119 581 437 662 προσαφαιρείσθαι.
484 575 567 638 ἔστω
599 576 718 638 τοίνυν
747 565 857 657 ω’σπερ
890 564 1019 656 άρχων,
1047 563 1130 635 οῦτω

66 767 68 772 Ι
121 677 157 746 δὲ
189 679 244 746 καὶ
278 675 385 767 ίερεῦς
416 679 480 756 πᾶς
512 677 698 763 αἰδέσιμος,
731 672 844 762 ἐπειδὴ
876 674 932 742 καὶ
966 670 1153 760 άπόφασίςι
1207 694 1208 697 ’

66 773 70 783 ’
120 786 188 852 ἐστι
215 786 302 854 θεοῦ
328 785 390 850 τοῦ
416 786 612 869 Διδυμαίου
639 780 790 867 τοιαύτη·

192 903 311 975 Ὄσσοι
338 908 373 987 ἐς
399 903 566 996 ἀρητῆρας
594 901 818 991 ἀτασθαλίῃσι
845 902 941 972 νόοιο

197 1009 391 1081 Ἀθανάτων
419 1008 548 1100 ρέζονσ’
579 1007 766 1098 ἀποφώλια,
793 1011 850 1078 καὶ
877 1007 1056 1099 γεράεσσιν

76 1134 99 1189 Ι)
196 1115 306 1186 Ἀντία
333 1114 803 1206 βουλεύονσινάδεισνθέοισι
830 1124 1020 1202 λογισμοῖς,

202 1220 328 1291 ούκέθ’
359 1221 442 1310 ὅλην
469 1222 597 1310 βιότοιο
626 1221 864 1311 διεκπερόωοιν
893 1217 1055 1309 ἀταρπόν,
1144 1249 1165 1287 ιο

191 1325 309 1395 Ὅσσοι
336 1351 397 1416 περ
425 1327 629 1417 μακάρεσσιν
646 1327 868 1416 ’ἐλωβήσαντο
895 1337 1043 1413 θεοῖσιν,

194 1423 258 1500 ‘sav
284 1446 390 1501 κεῖνοι
416 1432 603 1502 θεόσεπτον
630 1437 708 1503 ἕλον
734 1437 925 1523 θεραπηίδα
953 1432 1065 1520 τιμήν,

66 1556 180 1629 εθεκαὶ
207 1556 308 1624 πάλιν
335 1558 373 1624 ἐν
400 1554 513 1638 ἀλλοις
540 1553 558 1626 ό
586 1557 668 1638 θεός
694 1577 779 1645 φησι

199 1678 335 1761 Πάντας
348 1679 410 1769 μέν
423 1680 634 1771 θεράποντας
647 1680 748 1769 ἐμούς
762 1677 860 1767 όλοῆς
873 1677 1058 1766 κακότητος
1076 1717 1131 1763 -,

118 1809 178 1871 καί
211 1823 317 1890 φησιν
357 1799 441 1894 ῦπέρ
482 1804 613 1890 τούτων
654 1809 753 1891 δίκην
794 1802 969 1890 ἐπιθήσειν
1011 1799 1130 1882 αὐτοῖς.
1144 1829 1163 1870 ιι
1214 1886 1218 1910 ‹

117 1912 251 1978 πολλῶν
279 1909 317 1978 δέ
344 1912 529 2000 εἰρημένων
555 1909 719 1979 τοιούτων
750 1908 840 1999 παρὰ
866 1911 928 1977 τοῦ
955 1912 1058 1995 θεοῦ,
1086 1904 1154 1976 δι’·

120 2006 168 2083 δν
196 2021 303 2084 ἐνεστι
330 2016 502 2104 μαθόντας
521 2014 610 2097 ὅπως
636 2014 698 2105 χρη
721 2018 820 2104 τιμάν
847 2015 903 2083 καὶ
930 2014 1131 2104 θεραπεύειν
1210 2080 1214 2100 4

119 2120 198 2203 τοῦς
227 2120 348 2211 ίερέας,
372 2121 551 2215 εἰρήσεταί
575 2149 631 2210 μοι
664 2119 721 2190 διά
748 2120 914 2191 πλειόνων
942 2122 979 2189 ἐν
1008 2119 1130 2200 ἀλλοις·

119 2223 247 2317 ἀπόχρη
281 2226 318 2295 δὲ
350 2230 430 2314 νῦν,
468 2225 518 2296 ότι
551 2225 594 2316 μὴ
628 2227 786 2315 σχεδιάζω
819 2228 939 2315 μηδέν,
973 2227 1131 2307 ἐπιδείξαι
1214 2252 1216 2260 ⁴

77 2331 181 2418 Βτην
207 2357 242 2399 τε
270 2333 305 2399 ἐκ
332 2333 394 2402 τοῦ
420 2336 507 2402 θεοῦ
524 2334 711 2424 πρόρρησιν
733 2335 790 2402 καὶ
817 2330 855 2402 τὸ
884 2334 1048 2420 ἐπίταγμα
1065 2334 1165 2400 τῦνει

119 2433 225 2504 αύτοῦ
256 2436 367 2533 λόγων
405 2436 523 2508 ίκανόν
558 2436 754 2528 ἡγούμενος.
805 2449 838 2508 εί
865 2466 915 2518 τις
947 2429 1010 2507 οῦν
1043 2435 1130 2518 ἀξιό-

117 2561 236 2610 πιστον
276 2538 463 2632 ῦπείληφεν
508 2545 564 2634 ἐμὲ
605 2545 809 2615 διδάσκαλον
849 2547 917 2612 τῦν
957 2543 1131 2629 τοιούτων,

117 2649 288 2729 αἰδεσθεὶς
314 2647 478 2720 τὸνθεόν
497 2653 612 2744 ἐκείνω
640 2654 812 2729 πειθέσθω
831 2651 887 2719 καί
915 2647 995 2730 τοῦς
1024 2652 1131 2740 ίερέας

116 2757 184 2822 τῶν
219 2757 313 2824 θεῶν
348 2756 472 2844 τιμάτω
511 2756 756 2847 διαφερόντως·
794 2753 913 2826 ὁποῖον
951 2755 990 2824 δέ
1027 2753 1147 2824 αὐτόν

117 2858 203 2929 εἶναι
234 2861 311 2952 χρη,
343 2862 542 2953 πειράσομαι
574 2866 640 2931 νῦν
676 2868 797 2950 εἰπεῖν,
830 2859 890 2950 οῦχ
923 2863 1021 2930 ἕνεκα
1055 2864 1129 2931 σοῦ·
1142 2885 1164 2929 νο

115 3076 177 3140 τοῦ
204 3074 447 3161 καθηγεμόνος,
474 3072 541 3162 άμα
561 3074 598 3142 δέ
615 3078 684 3143 τῶν
702 3081 867 3163 μεγίστων
884 3076 978 3143 θεῶν
1005 3101 1128 3165 μαρτυ-

185 3280 199 3328 1
218 3271 247 3328 δ’
267 3268 304 3329 δν
321 3278 358 3345 Η]
377 3275 422 3331 δὲ·
444 3277 449 3344 Ι
481 3271 627 3346 ἐξελέγχῃ]
646 3279 732 3331 Immo
750 3274 883 3348 ἐξελέγξῃ
951 3282 968 3330 3
986 3275 1130 3344 τιμᾶσθαι

116 3347 142 3396 Η
161 3351 190 3396 et
207 3343 283 3410 θοὴ]
308 3343 452 3412 τιμᾶσθαι
470 3343 521 3398 κοιλ
574 3350 662 3415 Ὶ-ΙθΧ
675 3349 761 3399 Iidem
779 3363 877 3399 versus
894 3347 920 3398 le
942 3352 1026 3397 untur
1044 3347 1130 3398 451A

117 3415 148 3493 {¹
174 3407 333 3477 μακάρεσιν
360 3419 412 3478 pet.
500 3417 533 3466 14
557 3407 652 3483 πάντη
672 3416 696 3465 V
783 3417 814 3466 19
837 3407 876 3480 μὴ
896 3363 941 3482 νῦ
953 3409 1028 3482 μηδὲ
1098 3415 1165 3463 25=

54 3510 62 3522 ι
117 3494 202 3530 ενειιοι
221 3479 273 3530 σοῦ
291 3480 402 3546 spanh]
423 3475 508 3534 ἕνεκά
527 3497 579 3534 σον
647 3486 680 3535 26
698 3481 785 3535 τονῦν
803 3480 840 3547 V]
858 3475 920 3534 τό..
