2446 3870
478 156 614 209 ORATIO
633 159 683 209 111.
1027 157 1086 219 141

62 288 174 374 ’μενον
206 280 287 352 οὐδὲ
326 283 463 371 ἰδιω’την
500 281 687 353 ἀκόλαστον
720 282 827 371 ἰσχύει
858 291 990 353 πείθειν
1025 283 1087 373 τὴν

67 391 236 478 γαμήλιον
264 387 390 470 όινάύαι
409 389 576 477 λαμπάδα,
604 387 704 478 άμφω
725 389 762 458 δὲ
790 387 857 477 ἅμα
877 391 1086 460 συνελθόντα

68 498 181 585 γάμον
208 495 271 583 μέν
298 492 423 584 ἥρμοσε
441 495 609 583 πολλάκις,
638 493 882 584 ἀπολειπόμενα
911 495 948 563 δὲ
974 499 1032 584 τῆς
1051 499 1086 565 ἐκ

66 607 137 672 τῶν
169 602 305 691 τρόπων
340 596 504 691 ἁρμονίας
539 604 593 670 καί
630 602 762 691 χάριτος
795 599 837 669 ού
870 608 945 669 λίαν
973 602 1140 689 έφάνηιιο

39 708 206 796 εξηλωτά.
252 710 356 776 ταῦτα
384 708 603 795 ἐπιστάμενον
630 711 747 796 σαφῶς
773 706 834 776 τὸν
862 709 999 794 βασιλέα
1027 707 1087 777 τὸν

67 815 234 903 σαόφρονα
262 820 369 902 φαίην
397 809 441 881 ἰιν
468 813 603 894 εἰκότως
629 813 787 893 πολλάκις
814 813 1086 901 βουλευσάμενον

68 923 207 990 ἑλέσθαι
234 918 295 988 τὸν
322 919 442 1007 γάμον,
470 917 509 987 τὰ
528 919 590 1007 μέν
609 917 704 1008 οἶμαι
732 918 1004 1006 πυνθανόμενον,
1024 916 1086 987 ὅσα

67 1029 155 1116 χρῆν
188 1023 233 1094 δι’
269 1022 371 1113 άκοῆς
406 1027 482 1114 περὶ
515 1022 617 1112 αύτῆς
652 1035 791 1112 μαθεῖν,
827 1024 1087 1113 τεκμαιρόμενον

69 1133 107 1201 δὲ
136 1128 202 1200 άπὸ
231 1135 289 1220 τῆς
320 1128 445 1220 μητρός
475 1130 538 1218 τὴν
570 1128 739 1212 εὐταξίαν·
772 1126 856 1219 ὑπὲρ
884 1121 923 1218 ἧς
954 1128 994 1198 τά
1027 1131 1087 1219 μὲν
1153 1203 1155 1205 ,

29 1271 55 1309 10
69 1236 155 1307 άλλα
182 1244 219 1305 τί
243 1242 297 1306 δεῖ
322 1239 479 1323 λέγοντας
508 1242 704 1324 διατρίβειν,
731 1237 884 1326 καθάπερ
904 1233 966 1304 ούκ
993 1242 1086 1324 ἔχου-

68 1372 129 1429 τας
158 1348 248 1412 ῖδιον
276 1341 442 1430 έγκιόμιον
461 1343 559 1431 (τῆς),
586 1339 671 1431 ὑπὲρ
689 1335 728 1431 ἧς
747 1339 764 1411 ὁ
785 1343 895 1430 λόγος,
924 1347 1086 1425 διελθεῖν;

70 1452 236 1518 τοσούτου
264 1450 301 1517 δὲ
330 1458 410 1529 ἰσως
439 1446 516 1517 ούτε
543 1454 649 1518 εἰπεῖν
681 1446 759 1517 οὔτε
791 1451 974 1519 ἐπακούσαι
1000 1447 1123 1523 πολύΒ

70 1557 126 1624 καί
155 1557 314 1644 ἐργῶδες,
343 1552 394 1623 ὅτι
422 1552 463 1643 δὴ
493 1557 590 1641 γένος
617 1554 678 1642 μὲν
705 1552 791 1643 αύτῇ
818 1555 951 1644 σφόδρα
976 1551 1087 1643 Ἐλλη-

71 1661 180 1747 νικόν,
205 1656 374 1748 Ἑλλήνων
400 1664 468 1728 τῶν
495 1660 601 1746 πάνυ,
633 1662 690 1728 καὶ
717 1660 812 1741 πόλις
839 1657 859 1748 ἡ
887 1661 1088 1749 μητρόπολις

34 1770 131 1854 ιετῆς
163 1771 396 1852 Μακεδονίας,
435 1765 639 1856 σωφροσύνη
673 1765 711 1834 δὲ
742 1762 826 1855 ὑπέρ
859 1794 893 1834 τε
925 1763 1088 1854 Εὐάδνην
1164 1824 1166 1826 .

71 1872 133 1960 τὴν
171 1876 356 1953 Καπανέως
392 1874 448 1942 καί
483 1871 545 1960 τὴν
583 1869 751 1959 Θετταλὴν
789 1874 921 1959 ἐκείνην
953 1873 1088 1940 Λαοδά-

72 2006 179 2068 μειαν.
225 1983 263 2046 αἰ
287 1979 348 2067 μὲν
380 1975 445 2068 γάρ
472 1976 596 2059 καλούς
626 1978 683 2045 καὶ
715 1980 814 2056 νέους
846 1979 901 2044 καλ
930 1983 977 2045 ἔτι
1004 2005 1088 2064 νυμ-

73 2092 176 2171 φίους
204 2083 284 2165 τούς
312 2082 440 2173 ἄνδρας
473 2082 710 2173 άφαιρεθεῖσαι
743 2081 915 2170 δαιμόνων
942 2089 1001 2172 βίηι
1029 2089 1088 2169 βα-

73 2191 210 2259 σκάνων
237 2186 258 2278 ἢ
286 2192 415 2280 μοιρῶν
442 2190 567 2278 νήμασι
584 2192 645 2258 τού
674 2190 731 2275 ζῆν
758 2183 937 2277 ὑπερεῖδον
955 2186 1012 2256 διά
1029 2186 1090 2256 τὸν

39 2299 192 2386 ιοὲρωτα,
221 2292 241 2383 ἡ
270 2299 322 2382 δέ,
356 2294 468 2383 ἐπειδὴ
496 2294 533 2363 τὸ
561 2293 669 2383 χρεων
696 2293 756 2362 τὸν
784 2300 960 2383 κουρίδιον
987 2291 1124 2382 αύτῆςῦ

75 2400 184 2493 ἄνδρα
212 2404 385 2488 κατέλαβε,
418 2417 488 2482 τοῖς
515 2403 608 2470 παισὶ
636 2402 897 2489 προσκαθημένη
925 2403 1090 2469 τοσούτου

74 2510 126 2577 ’ἐπὶ
156 2508 364 2597 σωφροσύνη
392 2509 487 2588 κλέος
514 2504 598 2596 αὑτῇ
627 2507 818 2596 εἰργάσατο,
852 2505 935 2575 ὥστε
962 2511 1002 2596 τῇ
1029 2506 1091 2595 μέν

75 2613 271 2702 Πηνελόπη,
308 2612 484 2703 περιόντος
516 2619 563 2681 έτι
595 2614 650 2681 καὶ
683 2614 905 2701 πλανωμένου
937 2616 999 2682 τού
1031 2612 1090 2700 γή-

76 2747 227 2807 μαντος,
248 2719 389 2808 προσῄει
420 2717 460 2786 τά
498 2719 651 2808 μειράκια
683 2719 957 2806 μνηστευσόμενα
990 2725 1026 2787 έκ
1057 2746 1091 2786 τε

44 2855 65 2895 ει
74 2823 207 2913 Ἰθάκης
234 2827 290 2894 καί
318 2823 439 2913 Σάμου
466 2827 522 2893 καί
550 2830 751 2911 Δουλιχίου,
784 2824 890 2923 τῇδέ
918 2822 1002 2912 ἀνὴρ
1030 2823 1091 2912 μὲν

12 2923 14 2930 ’
77 2929 190 3012 ούδεὶς
226 2929 327 3011 καλὸς
370 2933 425 2999 καὶ
466 2933 568 3018 μέγας
604 2925 624 3018 ἢ
663 2929 799 3019 ἰσχυρὸς
837 2932 893 2998 καλ
934 2929 1093 3009 πλούσιος

80 3039 107 3124 [,
136 3035 188 3124 ὃς]
218 3033 303 3126 ὑπὲρ
330 3036 461 3105 τούτων
479 3042 527 3117 εἰς
545 3035 667 3122 λόγους
696 3039 808 3105 ἐλθεῖν
826 3032 985 3123 ὑπέμεινέ
999 3057 1091 3103 ποτε·

144 3259 160 3305 2
180 3247 308 3322 τίνα’ψαι]
328 3245 503 3334 αναλιιμφαι
521 3254 544 3304 V
608 3255 624 3304 6
641 3247 780 3311 πολλάκις
790 3248 866 3370 XM]
888 3248 938 3330 κριλ
944 3242 1093 3370 ὲπολλάκις

78 3313 242 3400 Βέχρῆνλί
330 3319 518 3386 11τῆςεάδ.
539 3321 605 3372 Oob.
692 3310 941 3383 16ύπέρτε]ύπ
944 3313 1093 3398 δρτηνλί

78 3393 110 3440 16
137 3382 318 3470 λαοδάμειαν
340 3387 375 3455 V]
399 3387 573 3468 Λαοδαμίαν
596 3379 760 3453 ἰλαοδάμαν
782 3386 943 3449 Μ)ῖο
969 3377 1094 3465 αύτῆςη

78 3459 110 3507 22
129 3451 205 3523 αύτη
192 3455 250 3507 V
330 3449 618 3535 *λ4μνηστενσόμενα
636 3451 705 3520 VM]
726 3445 943 3519 μνηστευόμενα
1024 3445 1091 3504 26
1075 3444 1093 3504 ἰι

78 3541 130 3575 om.
148 3527 174 3577 V
243 3526 276 3576 ‘27
296 3540 327 3582 ος
347 3524 452 3576 delevit
469 3522 620 3574 Horkelius
