2446 3870
504 145 639 198 ORATIO
663 148 710 198 VI.
1049 145 1112 212 247

96 277 232 360 σοφίαν.
278 273 377 340 τοῦτο
410 273 532 340 ἐκεῖνοι
563 270 643 341 καθ’
674 273 816 360 ἑκάστην
849 269 976 364 ἡμέραν
1003 279 1113 365 ἐπιτη-

97 378 252 459 δεύοντες
285 374 326 446 ού
360 379 496 464 ζηλωτοὶ
528 381 655 466 μᾶλλον
686 375 783 467 ἡμῖν,
816 376 930 449 άθλιοι
963 384 1003 451 δέ
1027 410 1114 464 τινες

97 486 152 553 καὶ
179 486 349 564 παντελῶς
378 480 517 571 άνόητοι
545 487 716 571 δοκοῦσιν,
744 482 825 554 ἀνθ’
856 483 937 556 ὅτου
965 485 1007 576 δὴ
1035 488 1115 570 τοὺς

96 591 224 671 πόνους
256 585 438 677 όπέμειναν
471 588 628 676 τούτους,
665 587 711 673 ὥς
741 588 844 674 αύτὸς
880 591 987 679 εἶπας,
1020 621 1113 663 κενο-

69 699 213 778 εδοξίας
240 697 346 765 ἕνεκα.
391 702 500 765 καίτοι
518 699 589 778 πῶς
616 694 682 766 ὑπὸ
701 700 770 766 τῶν
797 695 908 768 άλλων
927 701 1113 789 ἐπηνοῦντο

97 800 171 890 ὠμά
199 792 468 892 προσφερόμενοι
494 809 631 891 σαρκία;
658 810 766 872 καίτοι
785 801 866 873 ούδδ
893 802 995 887 αύτός
1022 809 1113 875 ἐπαι-

95 912 194 996 νέτης
222 906 260 977 εἶ.
296 911 357 977 τοῦ
384 911 471 995 γοῦν
497 907 654 978 τοιούτου
673 915 821 998 τρίβωνα
840 911 896 979 καὶ
914 909 976 999 την
993 912 1112 1000 κόμην,
1133 926 1158 980 D

97 1012 207 1104 ὥσπερ
227 1018 266 1082 αί
291 1015 419 1103 γραφαὶ
436 1017 505 1082 τῶν
524 1011 671 1104 ἀνδρῶν,
698 1012 969 1104 ἀπομιμούμενος
996 1014 1063 1087 εὖθ’
1094 1015 1112 1086 δ

97 1119 182 1208 μηδὲ
209 1115 312 1201 αὐτὸς
338 1117 539 1207 άξιάγαστον
565 1117 827 1210 ὑπολαμβάνεις,
853 1125 953 1192 τούτο
981 1120 1111 1194 εύδοκι-

56 1253 83 1293 ιο
97 1241 172 1314 μεῖν
200 1235 263 1295 οίει
294 1223 385 1315 παρά
412 1230 458 1318 τχό
489 1227 625 1315 πλήθει;
657 1229 714 1297 καὶ
742 1223 789 1310 εἷς
820 1227 881 1317 μδν
908 1223 929 1317 ἢ
958 1227 1112 1319 δεύτερος

97 1333 211 1422 ἐπῄνει
238 1331 323 1419 τότε,
350 1341 447 1402 πλεῖν
474 1330 507 1402 δ’
538 1325 602 1403 οὖν
629 1330 649 1421 ἢ
678 1335 759 1403 δέκα
786 1334 947 1424 μυριάδες
972 1331 1038 1406 ύπό
1057 1339 1116 1424 τῆς

97 1446 238 1520 ναυτίας
268 1439 325 1507 καὶ
357 1444 536 1528 βδελυρίας
568 1440 819 1530 διεστράφησαν
854 1439 916 1510 τὸν
944 1443 1115 1531 ,στόμαχον
1176 1479 1178 1489 ν

97 1547 153 1613 καὶ
181 1541 335 1615 ἀπόσιτοι
362 1544 553 1632 γεγόνασιν,
582 1543 676 1636 άχρις
698 1541 823 1629 αύτούς
851 1552 887 1616 οί
910 1549 1116 1638 θεράποντες

100 1647 266 1739 άνέλαβον
299 1647 418 1739 ὀσμαῖς
448 1652 506 1720 καὶ
537 1651 657 1741 μύροις
692 1653 748 1722 καὶ
781 1654 957 1742 πέμμασιν.
1009 1652 1116 1735 οὕτως

57 1752 117 1825 ιεὸ
150 1753 280 1838 κλεινός
310 1754 400 1847 ἥρως
432 1762 519 1850 ἐργφ
551 1758 773 1846 κατεπλήξατο
806 1767 925 1851 γελοίφ
958 1758 1019 1848 μὲν
1051 1757 1110 1828 άυ-ι
1118 1783 1168 1831 191

98 1862 250 1953 θράποις
276 1862 452 1948 τοιούτοις,

182 1980 258 2055 Οἷοι
286 1990 351 2056 νῦν
379 1993 499 2076 βροτοί
523 1991 620 2074 εἰσιν,

98 2108 162 2180 ούκ
190 2107 327 2196 άγενυεῖ
356 2112 408 2198 δέ,
441 2109 487 2198 μὰ
514 2109 594 2192 τούς
621 2112 739 2198 θεούς,
772 2121 807 2180 εί
834 2139 883 2193 τις
916 2109 999 2181 αύτὸ
1031 2112 1116 2182 κατὰ

98 2215 161 2305 την
198 2218 386 2302 Λιογένους
426 2215 621 2305 ἐξηγήσαιτο
664 2218 811 2288 σύνεσιν.
867 2215 947 2308 ὅπερ
989 2215 1054 2308 γάρ
1096 2215 1114 2288 ὁ

56 2348 86 2388 το
99 2322 283 2412 Σωκράτης
314 2318 399 2413 ὑπὲρ
427 2319 534 2392 αὑτοῦ
567 2344 687 2411 φησιν,
721 2321 772 2393 ότι
798 2328 845 2417 τῷ
872 2328 943 2418 θεῷ
971 2332 1117 2414 νομίζων

37 2438 40 2441 ’
99 2434 255 2519 λατρείαν
282 2431 426 2499 ἐκτελεῖν
453 2433 491 2498 ἐν
517 2432 564 2522 τῷ
591 2427 652 2500 τόν
680 2428 827 2500 δοθέντα
854 2430 1005 2521 χρησμὸν
1032 2428 1116 2521 ὑπὲρ

100 2532 207 2605 αύτοῦ
234 2525 318 2604 κατὰ
349 2536 459 2604 πάντα
487 2539 623 2606 σκοπῶν
655 2537 814 2621 ἐξετάζειν
840 2535 901 2607 τὸν
928 2535 1117 2626 ἐλεγκτικόν

98 2639 271 2730 ἠσπάσατο
299 2648 392 2730 βίον,
423 2636 523 2712 τοῦτο
550 2644 606 2712 καὶ
634 2646 801 2732 Διογένης
834 2642 927 2732 οἶμαι
954 2643 1118 2724 συνειδὼς

76 2750 219 2840 ἐαυτῷ,
247 2748 487 2837 πυθόχρηστον
518 2740 628 2818 οὖσαν
658 2747 721 2836 τὴν
753 2757 975 2838 φιλοσοφίαν,
1008 2756 1116 2840 ἔργοις
1130 2776 1155 2828 Β

60 2878 87 2918 25
101 2852 182 2946 βετο
216 2858 289 2923 δεῖν
325 2856 505 2942 ἐξελέγχειν
535 2855 644 2925 πάντα
680 2856 736 2924 καὶ
768 2853 813 2944 μὴ
851 2856 963 2937 δόξαις
996 2854 1117 2941 ἄλλων,

169 3109 185 3160 3
204 3110 233 3156 et
250 3108 267 3155 4
282 3104 381 3165 „Foru
399 3098 474 3156 ἄνθ’
493 3095 564 3157 ότου
582 3101 616 3157 δὲ
635 3097 704 3165 τούς
721 3123 754 3161 π.
769 3097 818 3161 ύπ,
837 3098 970 3168 τούτουςς
996 3105 1119 3171 Respon-

101 3173 148 3224 det
171 3162 225 3239 ούχ
247 3166 286 3232 ὡς
302 3163 397 3252 ,αόμδς
420 3167 520 3238 εἶπας,
545 3170 716 3253 κενοδοξίας
738 3169 833 3225 ἕνεκα.
871 3169 920 3223 καλ
948 3165 1003 3238 γάρ
1030 3171 1118 3232 πάς.“

100 3240 170 3292 Rsk.
251 3242 354 3306 δωμοι
374 3237 450 3306 Pet]
470 3233 509 3300 ιδς
526 3233 566 3307 μὴ
595 3248 596 3253 ’
648 3243 663 3292 ῖ
686 3257 737 3292 τον
754 3258 781 3307 γ.
800 3238 933 3292 τοιοῦτον
950 3241 1016 3291 Rsk.
1088 3244 1120 3292 10

101 3304 237 3373 δεύτερος
267 3307 334 3360 Gob.
381 3301 445 3360 δύο.
481 3307 524 3360 Of.
549 3308 639 3358 Bastii
669 3308 821 3363 comment.
847 3307 986 3374 palaeogr.
1013 3324 1041 3374 p.
1069 3309 1119 3359 851

102 3378 133 3426 11
152 3377 237 3427 πλεῖν
253 3377 341 3440 wytt.
379 3367 457 3442 πλὴν
488 3373 493 3436 Ι
526 3369 556 3427 δ’
575 3361 630 3427 ούν
651 3373 688 3441 Η]
730 3374 785 3427 οὖν
871 3378 902 3427 17
924 3374 1005 3426 Iliad.
1025 3391 1051 3434 ε,
1070 3378 1122 3426 304

103 3445 134 3495 18
153 3434 194 3508 μά
214 3441 251 3506 Η]
270 3439 316 3508 νὴ.
348 3442 401 3493 vid.
423 3443 460 3494 εδ
476 3443 562 3494 212ss
649 3444 681 3494 19
704 3392 876 3511 ἐξηγήσαιτο
895 3440 933 3510 Η]
960 3435 1120 3510 ἐξηγήσατο

101 3512 134 3561 22
152 3509 266 3561 σκοπῶν
284 3508 323 3576 Η]
343 3507 461 3565 σκοπόν.
492 3511 527 3561 ef.
543 3509 629 3561 2210
