2446 3870
470 178 606 229 οειιειο
624 179 672 232 εν.
1015 181 1078 246 203

63 307 191 393 σθῆναι
222 303 416 392 θεαμάτων,
448 301 531 374 άλλὰ
567 319 638 386 τοῖς
668 311 828 397 Κρονίοις
860 299 937 376 οῦσι
967 316 1077 391 τελευ-

61 418 170 492 ταίοις
195 407 302 491 εὐθὺς
335 411 494 480 συνάπτει
526 409 609 480 κατά
640 411 701 482 τὸν
728 413 852 481 κύκλον
879 412 919 482 τά
942 409 1077 502 Ἡλίεια,

62 515 84 586 ά
118 516 159 606 δὴ
193 516 351 598 πολλάκις
381 544 438 605 μοι
475 522 568 587 δοῖεν
600 522 636 588 ολ
664 527 812 606 βασιλεῖς
843 514 990 608 ὑμνῆσαι
1021 523 1077 589 καὶ

62 625 246 693 ἐπιτελέσαι
272 629 359 710 θεοί,
386 625 443 693 καὶ
470 623 535 713 πρό
563 651 600 711 γε
627 628 696 694 τῶν
714 623 825 694 ἄλλων
852 622 952 707 αὐτὸς
980 622 1077 715 ὁβα-

31 751 48 797 ,5
62 729 174 811 σιλεῦς
201 733 269 798 των
296 726 385 798 ὅλων
404 727 534 816 Ἥλιος,
567 726 584 799 ὁ
612 733 686 820 περὶ
717 729 779 820 τῆν
806 728 959 818 τάγαθοῦ
986 732 1076 818 γόνι-

60 864 126 925 μον
154 833 277 905 οῦσίπν
305 838 337 916 ἐξ
365 832 479 906 άιδίου
497 833 676 925 προελθοδν
693 838 794 926 μέσος
812 840 849 905 ἐν
876 840 989 926 μέσοις
1007 853 1077 920 τοῖς

60 957 194 1032 νοεροῖς
219 953 324 1028 θεοῖς,
352 945 497 1031 συνοχῆς
513 969 548 1010 τε
576 938 701 1024 αῦτοῦς
727 942 904 1032 πληρώσας
920 945 977 1013 καὶ
1000 944 1112 1024 κάλ-Ι)

55 1057 142 1131 λους
169 1055 294 1138 μυρίον
320 1050 377 1116 καὶ
403 1054 598 1138 περιουσίας
620 1056 763 1137 γονίμου
782 1052 837 1118 καὶ
860 1055 989 1118 τελείου
1013 1054 1077 1119 νοῦ

60 1157 117 1224 καὶ
144 1154 282 1224 πάντων
314 1151 450 1243 άθρόως
479 1157 549 1223 τῶν
582 1152 723 1240 άγαθῦν
755 1152 920 1245 άχρόνως,
952 1158 1007 1224 καὶ
1040 1159 1076 1224 ἐν

20 1282 47 1321 10
60 1265 107 1352 τῷ
134 1265 202 1330 νῦν
229 1259 404 1349 ἐλλάμπων
432 1266 479 1342 είς
509 1258 572 1350 τῆν
604 1264 736 1351 ἐμφανῆ
769 1264 874 1351 μέσην
905 1265 967 1330 τοῦ
993 1289 1075 1331 παν-

60 1366 118 1448 τὸς
145 1365 296 1456 οὐρανοῦ
314 1369 505 1457 φερομένην
533 1371 637 1458 ἕδραν
655 1373 783 1437 ολκείαν
811 1371 844 1450 ἐξ
871 1365 997 1456 άιδίον,
1020 1371 1076 1438 καὶ

61 1471 261 1560 μεταδιδοὺς
277 1477 324 1566 τῷ
352 1475 547 1565 φαινομένῳ
574 1477 674 1543 παντὶ
691 1477 753 1543 τοῦ
771 1477 896 1562 νοητοῦ
923 1475 1076 1562 κάλλους,

60 1577 125 1647 τὸν
150 1578 187 1647 δέ
215 1576 362 1669 οὐρανὸν
389 1579 565 1668 σύμπαντα
592 1579 769 1670 πληρώσας
795 1581 967 1649 τοσούτων
984 1584 1076 1651 θεων

60 1681 197 1754 ὁπόσων
233 1683 334 1767 αὐτὸς
371 1688 408 1754 ἐν
440 1687 548 1778 ἑαυτῷ
579 1690 705 1776 νοερῶς
738 1684 822 1773 ἔχει,
859 1688 934 1775 περὶ
966 1685 1128 1764 αῦτδνιετ

17 1812 46 1853 15
60 1786 245 1882 άμερίστως
269 1793 539 1880 πληθυνομένων
565 1795 621 1862 καὶ
650 1794 804 1872 ἕνοειδως
831 1789 921 1883 αὐτῷ
950 1814 1074 1882 συνημ-

60 1900 183 1986 μένων,
212 1895 254 1967 οῦ
281 1896 348 1987 μὴν
376 1895 459 1967 άλλά
490 1901 546 1968 καὶ
573 1896 633 1967 τόν
661 1894 726 1966 ῦπδ
759 1896 821 1984 τῆν
849 1899 993 1987 σελήνην
1019 1899 1074 1968 τό-

58 2030 127 2073 πον
159 2002 215 2074 διά
246 2007 305 2092 τῆς
336 2001 540 2090 άειγενεσίας
571 2006 722 2092 συνέχων
757 2005 814 2073 καὶ
846 2007 913 2071 τῶν
945 2007 1075 2073 ἐνδιδο-

60 2112 172 2198 μένων
200 2113 235 2179 ἐκ
267 2113 328 2180 τοῦ
360 2114 520 2181 κυκλικοῦ
557 2110 708 2197 σώματος
739 2107 894 2197 ἀγαθάν,
928 2110 1075 2198 ἐπιμελό-

60 2217 161 2304 μενός
187 2244 222 2285 τε
248 2219 310 2285 τοῦ
337 2219 455 2286 κοινοῦ
481 2221 550 2285 τῶν
577 2213 770 2306 ἀνθρώπων
793 2216 924 2301 γένους
943 2220 1014 2284 ἰδία
1041 2244 1076 2284 τε

19 2345 47 2384 εν
60 2325 120 2411 τῆς
145 2319 306 2412 ἡμετέρας
331 2323 473 2410 πόλεως,
506 2319 616 2412 ὥσπερ
649 2314 713 2391 οῦν
744 2320 860 2392 καὶ
826 2350 888 2410 την
915 2319 1111 2416 ῆμετέραν

59 2431 94 2510 ἐξ
122 2425 235 2499 άιδίου
254 2427 366 2517 ψυχὴν
393 2425 589 2517 ῦπέστησεν,
618 2426 784 2498 όπαδὸν’
766 2428 943 2517 αποφῆνας
961 2425 1095 2522 αὑτοῦξ

59 2535 166 2604 ταῦτά
192 2562 227 2604 τε
260 2527 338 2622 οῦν,
371 2531 434 2603 ὅσοι
466 2538 572 2627 μικρῷ
605 2535 756 2626 πρόσθεν
787 2533 955 2623 ηὐξάμην,
988 2541 1111 2623 δοίη,

59 2643 117 2710 καὶ
145 2647 192 2710 ἔτι
219 2644 316 2730 κοινῆ
343 2640 405 2728 μὲν
435 2644 476 2730 τῆ
502 2642 596 2711 πόλει
627 2640 689 2730 τῆν
721 2643 942 2729 ἐνδεχομένην
969 2639 1075 2711 άιδιό-

60 2774 142 2835 τητα
174 2745 242 2835 μετ’
277 2743 413 2828 εῦνοίας
444 2750 599 2836 χορηγῶν
632 2748 808 2835 φυλάττοι,
840 2743 921 2835 ῆμῖν
953 2748 991 2816 δέ
1023 2750 1076 2816 ἐπὶ

18 2874 47 2914 25
61 2856 226 2923 τοσοῦτον
258 2844 297 2922 εῦ
323 2856 444 2943 πρᾶξαι
470 2853 511 2922 τά
538 2881 572 2922 τε
605 2851 806 2943 άνθρόπινα
837 2854 894 2922 καὶ
925 2851 966 2920 τά
997 2864 1076 2921 θεῖα

61 2965 149 3048 δοίη,
178 2957 232 3047 ἐφ’
263 2957 346 3028 ὅσον
372 2963 495 3047 βιῦναι
527 2975 706 3048 συγχωρεῖ,
739 2963 796 3047 ζῆν
829 2959 867 3028 δὲ
893 2959 949 3026 καὶ
977 2961 1075 3044 ἐμπο-

146 3217 162 3264 2
185 3207 235 3265 τόν
260 3206 367 3267 κύκλον
391 3214 516 3292 MbFG]
540 3210 646 3267 κῦκλον
662 3213 683 3292 Ι
712 3207 823 3265 Ἡλίεια
843 3210 970 3293 cobetus]
992 3205 1076 3277 ῆλεια

61 3282 136 3344 libri,
155 3275 224 3348 ῆλια
242 3298 261 3331 v
348 3286 378 3333 12
405 3281 512 3365 νοητοῦ
530 3279 608 3348 libri]
633 3273 725 3334 αῦτοῦ
812 3283 843 3331 14
870 3274 982 3330 ὁπόσων
1001 3279 1075 3357 libri]

62 3320 186 3409 δπόόους
268 3353 300 3402 15
318 3346 506 3432 συνημμένων
523 3350 588 3416 Mb]
608 3345 816 3429 συνηνωμένον
895 3348 926 3397 18
946 3339 1076 3422 ἐπιμελό-

62 3432 147 3481 μενος
164 3415 229 3483 Mb]
247 3409 472 3500 ἐπιμελουμενος
542 3420 574 3468 19
591 3433 622 3468 τε
641 3413 704 3495 τοῦ]
724 3413 776 3467 τοῦ
794 3431 825 3466 τε
843 3413 901 3479 Hi
927 3431 983 3466 των
1001 3413 1076 3481 libri]

61 3483 113 3535 τοῦ
182 3487 215 3536 23
243 3476 410 3551 ἀιδιότητα]
439 3478 594 3552 ἀιδιότητα
621 3476 657 3535 τῦ
679 3484 757 3546 libri,
786 3435 939 3550 ῦιδιότῆτα
964 3479 1076 3550 [καλ]τ

61 3553 95 3602 26
114 3547 217 3618 βιῶσαι
234 3553 342 3604 MbEF
