2416 3864
120 173 266 225 IULIANI
283 173 532 225 IMPERATORIS
552 156 730 224 EPISTOLA
748 174 797 225 AD
815 176 985 228 THEMIST.
1017 173 1081 239 329

67 303 106 369 ἐν
143 291 165 388 ῆ
201 299 366 390 πρότερον
394 295 558 389 Ἡρακλῆς
594 302 649 368 καλ
682 299 855 393 Διόνυσος
892 304 1098 390 ἐγενέσθην,

66 409 336 493 φιλοσοφοῦντες
376 401 463 494 ὁμοῦ
503 407 558 474 καλ
600 406 833 492 βασιλεύοντες
873 407 929 476 καλ
970 410 1080 476 πᾶσαν

67 508 189 599 σχεδὸν
225 515 283 599 τῆς
319 511 576 599 ἐπιπολαζούσης
617 519 734 593 κακίας
769 510 1134 601 ἀνακαθαιρόμενοι254

67 620 133 705 γῆν
159 644 194 685 τε
222 620 278 686 καλ
305 617 484 686 θάλατταν.
530 618 672 699 κελεύεις
701 618 738 686 δέ
765 621 876 687 πᾶσαν
904 615 1081 687 ἀποσεισά-

39 751 187 812 εμενον.
204 726 325 811 σχολῆς
356 729 491 793 ἐννοιαν
524 726 578 792 καὶ
607 724 780 813 ῥᾳστώνης
808 739 965 810 σκοπεῖν,
992 721 1082 806 ὅπως

65 832 125 917 τῆς
152 825 346 911 ὑποθέσεως
374 828 473 910 ἀξίως
500 827 751 918 ἀγωνιούμεθα·
787 828 858 899 εἶτα
886 828 936 899 ἐπ’
968 828 1082 912 αὐτοῖς

65 938 136 1003 τῶν
154 939 352 1023 νομοθετῶν
371 931 559 1024 [ἁπάντων]
579 936 753 1024 μέμνησαι,
773 936 941 1022 Σόλωνος,
960 945 1080 1004 Πιττα-

66 1045 141 1126 κοῦ,
159 1040 374 1130 Λυκούργου,
401 1041 604 1111 καὶτούτων
627 1037 785 1111 ἇπάντων
808 1049 943 1131 μείζονα
961 1047 1081 1132 χρῆναι

66 1143 146 1235 παρ’
176 1143 272 1235 ῆμῦν
300 1150 405 1233 λέγεις
423 1146 502 1228 τοῦς
529 1145 732 1237 ἀνθρώπους
751 1151 788 1217 ἐν
811 1153 889 1238 ιλίκη
907 1152 972 1217 νῦν
990 1176 1081 1238 περι-

25 1286 52 1324 ιο
67 1257 190 1341 μένειν.
234 1251 365 1333 τούτοις
392 1252 456 1339 ἐγὼ
483 1267 554 1336 τοίς
580 1254 692 1341 λόγοις
723 1253 872 1344 ἐντυχὼν
899 1255 1080 1352 ἐξεπλάγην

67 1361 203 1447 μικροῦ·
230 1360 284 1427 σολ
312 1359 372 1447 μὲν
400 1357 463 1449 γάρ
491 1355 728 1450 ῦπελάμβανον
757 1358 912 1450 οὐθαμῶς
938 1361 1119 1449 θεμιτὸνΒ

67 1463 262 1534 κολακεύειν
281 1459 302 1552 ῆ
320 1465 517 1551 ψεύδεσθαι,
545 1468 676 1559 ἐμαυτῷ
700 1468 738 1536 a}
756 1465 920 1548 συνειιλῦς
947 1468 1083 1554 φύσεως

65 1571 130 1660 μὲν
157 1573 254 1639 ἕνεκα
282 1574 445 1660 διαφέρον
477 1568 579 1640 οῦδὲν
612 1560 749 1653 οῦτεέξ
778 1571 879 1663 ἀρχῆς
912 1572 989 1642 ούτε
1016 1577 1081 1642 νῦν

68 1674 235 1767 ῦπάρξαν,
268 1684 471 1765 φιλοσοφίας
491 1677 540 1746 θλ
572 1680 750 1767 ἐρασθέντι
777 1679 896 1767 μόνον·
928 1677 987 1759 τὰς
1018 1678 1082 1767 γὰρ

28 1813 54 1853 15
68 1787 106 1852 ἐν
134 1785 224 1874 μέσῳ
253 1787 335 1868 σιγῶ
354 1783 465 1870 τύχας,
494 1788 532 1851 αἴ
556 1811 612 1871 μοι
630 1782 690 1852 τὸν
718 1789 823 1873 ἔρωτα
841 1787 964 1853 τοῦτον
983 1781 1081 1872 ἀτελῆ

67 1893 149 1971 τέως
181 1888 363 1976 ἐφύλαξαν·
396 1886 458 1957 ούκ
490 1887 581 1977 εἶχον
613 1881 677 1958 οῦν
709 1887 775 1975 ὄπι
807 1887 869 1977 χρῆ
902 1892 977 1978 περὶ
1013 1893 1083 1958 τῶν

67 1996 232 2065 τοιούτων
259 1994 369 2081 λόγων
398 2002 595 2084 συμβαλεῖν,
628 1997 690 2076 ἕως
716 1997 770 2064 ἐπὶ
797 1998 883 2063 νοῦν
910 1993 1036 2082 ῆγαγεν
1064 1991 1082 2064 ὃ

67 2103 169 2187 θεός,
187 2101 231 2189 μῆ
259 2127 338 2169 ποτε
356 2099 421 2191 ἀρα
448 2103 645 2191 προτρέπειν
668 2103 793 2181 ἐθέλεις
820 2099 877 2169 ιλιά
895 2103 963 2168 τῶν
991 2103 1122 2171 ἐπαί-(λ

68 2235 140 2295 νων
168 2209 223 2276 καλ
250 2235 319 2276 των
347 2204 488 2293 ἀγωνων
507 2205 670 2289 (λεῖξαι
638 2235 676 2276 το
696 2207 894 2296 μέγεθος,ο
877 2201 973 2287 (ι’ἷς
955 2207 1082 2294 ανάγκη

28 2344 54 2384 νο
68 2317 161 2416 πάσα
197 2312 258 2381 τὸν
294 2315 330 2381 ἐν
370 2320 519 2403 πολιτείᾳ
561 2317 666 2397 ζωντα
706 2315 983 2404 παραβεβλῆσθαι
1023 2311 1084 2382 τὸν

69 2413 202 2488 ἅπαντα
233 2420 367 2548 χρόνον.
411 2423 511 2489 τοῦτο
540 2417 627 2489 δὲ’
609 2421 854 2510 αποτρέποντός
887 2422 954 2490 ε’στι
982 2422 1084 2489 πλέον

69 2522 89 2613 ῆ
122 2524 205 2615 πρὸς
236 2525 297 2594 τὸν
328 2532 406 2655 βίρν
438 2530 685 2654 παρορμῶντος.
736 2524 846 2615 ωσπερ
878 2525 942 2616 γὰρ
975 2537 1008 2596 ελ
1034 2552 1085 2607 τις

16 2700 18 2702 ,
63 2631 129 2700 τὸν
157 2630 333 2721 πορθμὸν
342 2630 403 2700 τὸν
430 2629 509 2720 παρ’
539 2628 621 2720 ῦμιν
639 2635 749 2735 πλέων
776 2635 832 2701 καὶ
856 2630 936 2701 οὐδε
963 2635 1085 2701 τοῦτον

70 2742 214 2827 ῥᾳδίως
224 2733 305 2806 ούθέ
333 2734 477 2818 εὐκόλως
504 2730 750 2825 ῦφιστάμενος
761 2735 880 2807 ἀκούοι
907 2739 997 2827 παρά
1023 2765 1084 2806 του

31 2870 56 2910 ιι
70 2842 240 2931 μαντικὴν
266 2846 552 2931 ἐπαγγελλομένου
588 2846 723 2932 τέχνην,
760 2872 805 2924 ως
837 2871 945 2931 χρεων
977 2840 1082 2910 αὐτὸν
1100 2858 1125 2910 D

69 2949 129 3018 τὸν
162 2956 308 3036 Αἰγαῖον
340 2946 565 3037 ἀναμετρῆσαι
596 2951 651 3018 καλ
688 2947 749 3017 τὸν
778 2946 899 3017 Ἰόνιον
936 2951 992 3016 καλ
1027 2951 1086 3036 τῆς

154 3196 348 3253 4θάλατταν
350 3199 421 3280 V]
427 3193 582 3252 θάλασσαν
667 3195 852 3266 ῦρᾳιτιύνης
875 3199 943 3275 Rsk·¹
958 3204 986 3248 et
1005 3195 1085 3277 Θου]
1156 3226 1158 3230 -

70 3261 220 3350 ραστιύνην
307 3260 479 3321 λαπαντων
496 3268 602 3318 ιλολειι
621 3267 686 3318 Oob.
774 3269 806 3316 14
819 3271 847 3317 οι
861 3269 892 3316 15
910 3260 961 3324 τάς
979 3262 1034 3333 γὰρ
1052 3293 1083 3302 -

69 3289 172 3402 τύχας]
192 3336 256 3386 Eur.
270 3336 359 3387 Or'est.
373 3339 405 3386 16
476 3337 506 3385 16
525 3322 578 3386 οῦν
597 3336 714 3386 fortasse
734 3334 888 3389 delendum.
912 3334 973 3387 Vid
993 3341 1086 3384 tamen

70 3404 274 3551 1⁸s⁰¹¹332¹4⁰³1¹1¹f
257 3402 313 3534 εζλ
332 3404 419 3550 [ἀλλ’
421 3403 566 3536 ῗῖξὲἒὶλλ]
584 3388 1086 3532 λιλῗῖειπιῙλιιλλ“λ”ιῖ]ειλλὶἷ

70 3529 180 3604 Ρελ.’]
163 3552 265 3589 ακουει
298 3541 301 3602 Ι
334 3556 412 3604 παρα
431 3554 482 3590 του
501 3537 559 3588 Rsk
563 3533 677 3604 ,]τιαρολ
696 3536 747 3588 τοῦ
