<?xml version="1.0" encoding="UTF-8"?>
<!DOCTYPE html PUBLIC "-//W3C//DTD XHTML 1.0 Transitional//EN"
    "http://www.w3.org/TR/xhtml1/DTD/xhtml1-transitional.dtd">
<html xmlns="http://www.w3.org/1999/xhtml" xml:lang="en" lang="en">
 <head>
  <title>
</title>
<meta http-equiv="Content-Type" content="text/html;charset=utf-8" />
  <meta name='ocr-system' content='tesseract 3.04.00' />
  <meta name='ocr-capabilities' content='ocr_page ocr_carea ocr_par ocr_line ocrx_word'/>
</head>
<body>
  <div class='ocr_page' id='page_1' title='image "./iulianiimperato01juligoog_0279.png"; bbox 0 0 2446 3870; ppageno 0'>
   <div class='ocr_carea' id='block_1_1' title="bbox 18 160 838 239">
    <p class='ocr_par' dir='ltr' id='par_1_1' title="bbox 18 160 838 239">
     <span class='ocr_line' id='line_1_1' title="bbox 18 160 838 239; baseline -0.01 -5"><span class='ocrx_word' id='word_1_1' title='bbox 18 203 20 207; x_wconf 57' lang='lat'>&gt;</span> <span class='ocrx_word' id='word_1_2' title='bbox 126 175 189 239; x_wconf 76' lang='grc'><strong><em>266</em></strong></span> <span class='ocrx_word' id='word_1_3' title='bbox 429 177 573 227; x_wconf 69' lang='lat' dir='ltr'><strong><em>mmm</em></strong></span> <span class='ocrx_word' id='word_1_4' title='bbox 591 160 838 228; x_wconf 72' lang='grc' dir='ltr'><strong><em>(αεοωεσοοω</em></strong></span> 
     </span>
    </p>
   </div>
   <div class='ocr_carea' id='block_1_2' title="bbox 85 293 1198 1453">
    <p class='ocr_par' dir='ltr' id='par_1_2' title="bbox 85 293 1198 1453">
     <span class='ocr_line' id='line_1_2' title="bbox 211 293 1145 393; baseline 0.001 -21"><span class='ocrx_word' id='word_1_5' title='bbox 211 301 280 391; x_wconf 82' lang='grc' dir='ltr'><strong><em>Τὴν</em></strong></span> <span class='ocrx_word' id='word_1_6' title='bbox 312 302 374 391; x_wconf 71' lang='grc' dir='ltr'><strong><em>μὲν</em></strong></span> <span class='ocrx_word' id='word_1_7' title='bbox 406 293 470 370; x_wconf 83' lang='grc' dir='ltr'><strong><em>οὖν</em></strong></span> <span class='ocrx_word' id='word_1_8' title='bbox 503 299 608 390; x_wconf 79' lang='grc' dir='ltr'><strong><em>ἀρχὴν</em></strong></span> <span class='ocrx_word' id='word_1_9' title='bbox 640 297 770 371; x_wconf 78' lang='grc' dir='ltr'><strong><em>ὁπόθεν</em></strong></span> <span class='ocrx_word' id='word_1_10' title='bbox 801 298 932 393; x_wconf 83' lang='grc' dir='ltr'><strong><em>ηὑρέθη</em></strong></span> <span class='ocrx_word' id='word_1_11' title='bbox 965 306 1022 372; x_wconf 85' lang='grc' dir='ltr'><strong><em>καὶ</em></strong></span> <span class='ocrx_word' id='word_1_12' title='bbox 1051 302 1145 387; x_wconf 83' lang='grc' dir='ltr'><strong><em>ὅστις</em></strong></span> 
     </span>
     <span class='ocr_line' id='line_1_3' title="bbox 128 406 1144 500; baseline 0.001 -21"><span class='ocrx_word' id='word_1_13' title='bbox 128 406 145 479; x_wconf 85' lang='grc' dir='ltr'><strong><em>ό</em></strong></span> <span class='ocrx_word' id='word_1_14' title='bbox 174 413 306 500; x_wconf 75' lang='grc' dir='ltr'><strong><em>πρῶτος</em></strong></span> <span class='ocrx_word' id='word_1_15' title='bbox 335 408 543 496; x_wconf 76' lang='grc' dir='ltr'><strong><em>ἐπιχειρήσας</em></strong></span> <span class='ocrx_word' id='word_1_16' title='bbox 569 407 607 476; x_wconf 89' lang='grc' dir='ltr'><strong><em>τὸ</em></strong></span> <span class='ocrx_word' id='word_1_17' title='bbox 627 411 752 490; x_wconf 77' lang='grc' dir='ltr'><strong><em>ψεῦδος</em></strong></span> <span class='ocrx_word' id='word_1_18' title='bbox 779 412 934 490; x_wconf 77' lang='grc' dir='ltr'><strong><em>πιθανῶς</em></strong></span> <span class='ocrx_word' id='word_1_19' title='bbox 962 421 1144 480; x_wconf 78' lang='grc' dir='ltr'><strong><em>συνθεῖναι</em></strong></span> 
     </span>
     <span class='ocr_line' id='line_1_4' title="bbox 127 510 1144 604; baseline 0.001 -19"><span class='ocrx_word' id='word_1_20' title='bbox 127 514 210 604; x_wconf 87' lang='grc' dir='ltr'><strong><em>πρὸς</em></strong></span> <span class='ocrx_word' id='word_1_21' title='bbox 239 512 405 603; x_wconf 79' lang='grc' dir='ltr'><strong><em>ἀφέλειαν</em></strong></span> <span class='ocrx_word' id='word_1_22' title='bbox 432 510 452 602; x_wconf 78' lang='grc' dir='ltr'><em>ἢ</em></span> <span class='ocrx_word' id='word_1_23' title='bbox 481 521 701 602; x_wconf 77' lang='grc' dir='ltr'><strong><em>ψυχαγωγίαν</em></strong></span> <span class='ocrx_word' id='word_1_24' title='bbox 732 517 801 583; x_wconf 79' lang='grc' dir='ltr'><strong><em>τῶν</em></strong></span> <span class='ocrx_word' id='word_1_25' title='bbox 828 511 1068 604; x_wconf 78' lang='grc' dir='ltr'><strong><em>ἀκροωμένων,</em></strong></span> <span class='ocrx_word' id='word_1_26' title='bbox 1103 514 1144 586; x_wconf 89' lang='grc' dir='ltr'><strong><em>ού</em></strong></span> 
     </span>
     <span class='ocr_line' id='line_1_5' title="bbox 127 616 1142 710; baseline 0.001 -19"><span class='ocrx_word' id='word_1_27' title='bbox 127 625 254 710; x_wconf 81' lang='grc' dir='ltr'><strong><em>μᾶλλον</em></strong></span> <span class='ocrx_word' id='word_1_28' title='bbox 282 619 374 710; x_wconf 80' lang='grc' dir='ltr'><strong><em>εὕροι</em></strong></span> <span class='ocrx_word' id='word_1_29' title='bbox 400 648 449 700; x_wconf 85' lang='grc' dir='ltr'><strong><em>τις</em></strong></span> <span class='ocrx_word' id='word_1_30' title='bbox 477 616 519 688; x_wconf 83' lang='grc' dir='ltr'><strong><em>ἀν</em></strong></span> <span class='ocrx_word' id='word_1_31' title='bbox 546 616 567 708; x_wconf 78' lang='grc' dir='ltr'>ἢ</span> <span class='ocrx_word' id='word_1_32' title='bbox 596 630 628 692; x_wconf 88' lang='grc' dir='ltr'><strong><em>εί</em></strong></span> <span class='ocrx_word' id='word_1_33' title='bbox 651 647 700 702; x_wconf 89' lang='grc' dir='ltr'><strong><em>τις</em></strong></span> <span class='ocrx_word' id='word_1_34' title='bbox 729 620 942 710; x_wconf 80' lang='grc' dir='ltr'><strong><em>ἐπιχειρήσειε</em></strong></span> <span class='ocrx_word' id='word_1_35' title='bbox 969 620 1031 691; x_wconf 85' lang='grc' dir='ltr'><strong><em>τόν</em></strong></span> <span class='ocrx_word' id='word_1_36' title='bbox 1052 627 1142 708; x_wconf 70' lang='grc' dir='ltr'><strong><em>προὶ-</em></strong></span> 
     </span>
     <span class='ocr_line' id='line_1_6' title="bbox 85 722 1170 815; baseline -0.003 -17"><span class='ocrx_word' id='word_1_37' title='bbox 85 743 188 798; x_wconf 82' lang='grc' dir='ltr'><strong><em>Βτου</em></strong></span> <span class='ocrx_word' id='word_1_38' title='bbox 234 727 402 815; x_wconf 90' lang='grc' dir='ltr'><strong><em>πταρόντα</em></strong></span> <span class='ocrx_word' id='word_1_39' title='bbox 443 722 463 814; x_wconf 75' lang='grc' dir='ltr'><strong><em>ἢ</em></strong></span> <span class='ocrx_word' id='word_1_40' title='bbox 505 725 738 815; x_wconf 87' lang='grc' dir='ltr'><strong><em>χρεμψάμενον</em></strong></span> <span class='ocrx_word' id='word_1_41' title='bbox 786 724 969 814; x_wconf 76' lang='grc' dir='ltr'><strong><em>ἀναζητεῖν.</em></strong></span> <span class='ocrx_word' id='word_1_42' title='bbox 1024 734 1056 796; x_wconf 86' lang='grc' dir='ltr'><strong><em>εί</em></strong></span> <span class='ocrx_word' id='word_1_43' title='bbox 1097 731 1170 815; x_wconf 66' lang='grc' dir='ltr'><strong><em>(1ίρ</em></strong></span> 
     </span>
     <span class='ocr_line' id='line_1_7' title="bbox 129 832 1145 923; baseline 0.002 -21"><span class='ocrx_word' id='word_1_44' title='bbox 129 832 240 923; x_wconf 75' lang='grc' dir='ltr'><strong><em>ὥσπερ</em></strong></span> <span class='ocrx_word' id='word_1_45' title='bbox 270 838 379 914; x_wconf 80' lang='grc' dir='ltr'><strong><em>ἱππεῖς</em></strong></span> <span class='ocrx_word' id='word_1_46' title='bbox 406 834 443 901; x_wconf 84' lang='grc' dir='ltr'><strong><em>ἐν</em></strong></span> <span class='ocrx_word' id='word_1_47' title='bbox 463 832 577 922; x_wconf 79' lang='grc' dir='ltr'><strong><em>Θράκῃ</em></strong></span> <span class='ocrx_word' id='word_1_48' title='bbox 605 834 660 902; x_wconf 79' lang='grc' dir='ltr'><strong><em>καὶ</em></strong></span> <span class='ocrx_word' id='word_1_49' title='bbox 681 839 853 923; x_wconf 74' lang='grc' dir='ltr'><strong><em>Θετταλίᾳ,</em></strong></span> <span class='ocrx_word' id='word_1_50' title='bbox 879 832 1012 914; x_wconf 80' lang='grc' dir='ltr'><strong><em>τοξόται</em></strong></span> <span class='ocrx_word' id='word_1_51' title='bbox 1032 834 1145 904; x_wconf 75' lang='grc' dir='ltr'><strong><em>δὲκαὶ</em></strong></span> 
     </span>
     <span class='ocr_line' id='line_1_8' title="bbox 128 936 1145 1029; baseline 0 -21"><span class='ocrx_word' id='word_1_52' title='bbox 128 939 168 1009; x_wconf 84' lang='grc' dir='ltr'><strong><em>τὰ</em></strong></span> <span class='ocrx_word' id='word_1_53' title='bbox 196 939 385 1029; x_wconf 90' lang='grc' dir='ltr'><strong><em>κουφότερα</em></strong></span> <span class='ocrx_word' id='word_1_54' title='bbox 416 943 485 1008; x_wconf 79' lang='grc' dir='ltr'><strong><em>τῶν</em></strong></span> <span class='ocrx_word' id='word_1_55' title='bbox 518 936 631 1009; x_wconf 85' lang='grc' dir='ltr'><strong><em>ὅπλων</em></strong></span> <span class='ocrx_word' id='word_1_56' title='bbox 663 942 700 1009; x_wconf 80' lang='grc' dir='ltr'><strong><em>ἐν</em></strong></span> <span class='ocrx_word' id='word_1_57' title='bbox 725 936 829 1028; x_wconf 77' lang='grc' dir='ltr'><strong><em>Ἰνδίᾳ</em></strong></span> <span class='ocrx_word' id='word_1_58' title='bbox 861 941 916 1008; x_wconf 80' lang='grc' dir='ltr'><strong><em>καὶ</em></strong></span> <span class='ocrx_word' id='word_1_59' title='bbox 944 939 1060 1029; x_wconf 78' lang='grc' dir='ltr'><strong><em>Κρήτη</em></strong></span> <span class='ocrx_word' id='word_1_60' title='bbox 1089 943 1145 1009; x_wconf 78' lang='grc' dir='ltr'><strong><em>καὶ</em></strong></span> 
     </span>
     <span class='ocr_line' id='line_1_9' title="bbox 129 1042 1146 1137; baseline -0.001 -22"><span class='ocrx_word' id='word_1_61' title='bbox 129 1053 254 1137; x_wconf 80' lang='grc' dir='ltr'><strong><em>Καρίᾳ,</em></strong></span> <span class='ocrx_word' id='word_1_62' title='bbox 291 1050 331 1136; x_wconf 77' lang='grc' dir='ltr'><strong><em>τῇ</em></strong></span> <span class='ocrx_word' id='word_1_63' title='bbox 364 1046 465 1133; x_wconf 88' lang='grc' dir='ltr'><strong><em>φύσει</em></strong></span> <span class='ocrx_word' id='word_1_64' title='bbox 497 1048 555 1134; x_wconf 76' lang='grc' dir='ltr'><strong><em>τῆς</em></strong></span> <span class='ocrx_word' id='word_1_65' title='bbox 586 1045 696 1137; x_wconf 79' lang='grc' dir='ltr'><strong><em>χώρας</em></strong></span> <span class='ocrx_word' id='word_1_66' title='bbox 728 1042 1014 1115; x_wconf 80' lang='grc' dir='ltr'><strong><em>ἀκολουθούντων</em></strong></span> <span class='ocrx_word' id='word_1_67' title='bbox 1052 1044 1146 1135; x_wconf 77' lang='grc' dir='ltr'><strong><em>οἶμαι</em></strong></span> 
     </span>
     <span class='ocr_line' id='line_1_10' title="bbox 127 1147 1146 1241; baseline 0 -20"><span class='ocrx_word' id='word_1_68' title='bbox 127 1156 195 1221; x_wconf 78' lang='grc' dir='ltr'><strong><em>τῶν</em></strong></span> <span class='ocrx_word' id='word_1_69' title='bbox 228 1151 511 1241; x_wconf 80' lang='grc' dir='ltr'><strong><em>ἐπιτηδευμάτων,</em></strong></span> <span class='ocrx_word' id='word_1_70' title='bbox 544 1148 632 1221; x_wconf 81' lang='grc' dir='ltr'><strong><em>οὕτω</em></strong></span> <span class='ocrx_word' id='word_1_71' title='bbox 664 1179 714 1233; x_wconf 89' lang='grc' dir='ltr'><strong><em>τις</em></strong></span> <span class='ocrx_word' id='word_1_72' title='bbox 745 1147 974 1239; x_wconf 82' lang='grc' dir='ltr'><strong><em>ὑπολαμβάνει</em></strong></span> <span class='ocrx_word' id='word_1_73' title='bbox 1006 1155 1064 1221; x_wconf 81' lang='grc' dir='ltr'><strong><em>καὶ</em></strong></span> <span class='ocrx_word' id='word_1_74' title='bbox 1093 1155 1146 1222; x_wconf 78' lang='grc' dir='ltr'><strong><em>ἐπὶ</em></strong></span> 
     </span>
     <span class='ocr_line' id='line_1_11' title="bbox 128 1252 1184 1347; baseline -0.002 -21"><span class='ocrx_word' id='word_1_75' title='bbox 128 1262 197 1326; x_wconf 77' lang='grc' dir='ltr'><strong><em>τῶν</em></strong></span> <span class='ocrx_word' id='word_1_76' title='bbox 224 1256 335 1327; x_wconf 83' lang='grc' dir='ltr'><strong><em>ἀλλων</em></strong></span> <span class='ocrx_word' id='word_1_77' title='bbox 362 1257 580 1345; x_wconf 77' lang='grc' dir='ltr'><strong><em>πραγμάτων,</em></strong></span> <span class='ocrx_word' id='word_1_78' title='bbox 612 1260 650 1325; x_wconf 81' lang='grc' dir='ltr'><strong><em>ἐν</em></strong></span> <span class='ocrx_word' id='word_1_79' title='bbox 677 1252 728 1338; x_wconf 88' lang='grc' dir='ltr'><strong><em>οἷς</em></strong></span> <span class='ocrx_word' id='word_1_80' title='bbox 755 1260 876 1325; x_wconf 79' lang='grc' dir='ltr'><strong><em>ἕκαστα</em></strong></span> <span class='ocrx_word' id='word_1_81' title='bbox 908 1261 1056 1345; x_wconf 81' lang='grc' dir='ltr'><strong><em>τιμᾶται,</em></strong></span> <span class='ocrx_word' id='word_1_82' title='bbox 1084 1259 1144 1347; x_wconf 77' lang='grc' dir='ltr'><strong><em>μά·</em></strong></span> <span class='ocrx_word' id='word_1_83' title='bbox 1161 1285 1184 1324; x_wconf 85' lang='grc' dir='ltr'><strong><em>ω</em></strong></span> 
     </span>
     <span class='ocr_line' id='line_1_12' title="bbox 130 1355 1198 1453; baseline 0.003 -23"><span class='ocrx_word' id='word_1_84' title='bbox 130 1373 223 1430; x_wconf 89' lang='grc' dir='ltr'><strong><em>λιστα</em></strong></span> <span class='ocrx_word' id='word_1_85' title='bbox 250 1360 340 1451; x_wconf 82' lang='grc' dir='ltr'><strong><em>παρά</em></strong></span> <span class='ocrx_word' id='word_1_86' title='bbox 367 1361 497 1430; x_wconf 89' lang='grc' dir='ltr'><strong><em>τούτων</em></strong></span> <span class='ocrx_word' id='word_1_87' title='bbox 516 1358 600 1431; x_wconf 86' lang='grc' dir='ltr'><strong><em>αύτόι</em></strong></span> <span class='ocrx_word' id='word_1_88' title='bbox 627 1364 682 1432; x_wconf 83' lang='grc' dir='ltr'><strong><em>καὶ</em></strong></span> <span class='ocrx_word' id='word_1_89' title='bbox 701 1389 835 1452; x_wconf 89' lang='grc' dir='ltr'><strong><em>πρωτον</em></strong></span> <span class='ocrx_word' id='word_1_90' title='bbox 862 1359 1048 1453; x_wconf 79' lang='grc' dir='ltr'><strong><em>ηὑρῆσθαι</em></strong></span> <span class='ocrx_word' id='word_1_91' title='bbox 1077 1368 1147 1433; x_wconf 79' lang='grc' dir='ltr'><strong><em>τῶν</em></strong></span> <span class='ocrx_word' id='word_1_92' title='bbox 1196 1355 1198 1358; x_wconf 34' lang='grc'>’</span> 
     </span>
    </p>
   </div>
   <div class='ocr_carea' id='block_1_3' title="bbox 75 1572 1184 2302">
    <p class='ocr_par' dir='ltr' id='par_1_3' title="bbox 75 1572 1184 2302">
     <span class='ocr_line' id='line_1_13' title="bbox 75 1572 1147 1666; baseline 0 -21"><span class='ocrx_word' id='word_1_93' title='bbox 75 1577 243 1663; x_wconf 72' lang='grc' dir='ltr'><strong><em>ῖοσμύθος</em></strong></span> <span class='ocrx_word' id='word_1_94' title='bbox 271 1572 413 1663; x_wconf 73' lang='grc' dir='ltr'><strong><em>εὕρημα,</em></strong></span> <span class='ocrx_word' id='word_1_95' title='bbox 451 1575 506 1644; x_wconf 77' lang='grc' dir='ltr'><strong><em>καὶ</em></strong></span> <span class='ocrx_word' id='word_1_96' title='bbox 539 1576 687 1663; x_wconf 78' lang='grc' dir='ltr'><strong><em>διαμένει</em></strong></span> <span class='ocrx_word' id='word_1_97' title='bbox 724 1577 757 1656; x_wconf 84' lang='grc' dir='ltr'><strong><em>ἐξ</em></strong></span> <span class='ocrx_word' id='word_1_98' title='bbox 794 1577 926 1645; x_wconf 79' lang='grc' dir='ltr'><strong><em>ἐκείνου</em></strong></span> <span class='ocrx_word' id='word_1_99' title='bbox 958 1579 1053 1666; x_wconf 79' lang='grc' dir='ltr'><strong><em>μέχρι</em></strong></span> <span class='ocrx_word' id='word_1_100' title='bbox 1091 1580 1147 1645; x_wconf 80' lang='grc' dir='ltr'><strong><em>καὶ</em></strong></span> 
     </span>
     <span class='ocr_line' id='line_1_14' title="bbox 129 1677 1147 1771; baseline 0.003 -22"><span class='ocrx_word' id='word_1_101' title='bbox 129 1684 195 1749; x_wconf 87' lang='grc' dir='ltr'><strong><em>νύν</em></strong></span> <span class='ocrx_word' id='word_1_102' title='bbox 227 1678 306 1770; x_wconf 84' lang='grc' dir='ltr'><strong><em>παρ’</em></strong></span> <span class='ocrx_word' id='word_1_103' title='bbox 342 1677 458 1762; x_wconf 81' lang='grc' dir='ltr'><strong><em>αὐτοῖς</em></strong></span> <span class='ocrx_word' id='word_1_104' title='bbox 494 1681 754 1770; x_wconf 78' lang='grc' dir='ltr'><strong><em>πολιτευόμενον</em></strong></span> <span class='ocrx_word' id='word_1_105' title='bbox 789 1679 827 1750; x_wconf 88' lang='grc' dir='ltr'><strong><em>τὸ</em></strong></span> <span class='ocrx_word' id='word_1_106' title='bbox 864 1684 998 1771; x_wconf 82' lang='grc' dir='ltr'><strong><em>πρᾶγμα</em></strong></span> <span class='ocrx_word' id='word_1_107' title='bbox 1036 1680 1147 1771; x_wconf 75' lang='grc' dir='ltr'><strong><em>ὥσπερ</em></strong></span> 
     </span>
     <span class='ocr_line' id='line_1_15' title="bbox 129 1784 1184 1877; baseline -0.002 -22"><span class='ocrx_word' id='word_1_108' title='bbox 129 1785 209 1856; x_wconf 84' lang='grc' dir='ltr'><strong><em>ἀλλο</em></strong></span> <span class='ocrx_word' id='word_1_109' title='bbox 233 1814 264 1855; x_wconf 91' lang='grc' dir='ltr'><strong><em>τι</em></strong></span> <span class='ocrx_word' id='word_1_110' title='bbox 290 1791 360 1856; x_wconf 81' lang='grc' dir='ltr'><strong><em>τῶν</em></strong></span> <span class='ocrx_word' id='word_1_111' title='bbox 383 1784 613 1877; x_wconf 77' lang='grc' dir='ltr'><strong><em>ἀκροαμάτων,</em></strong></span> <span class='ocrx_word' id='word_1_112' title='bbox 642 1785 745 1868; x_wconf 87' lang='grc' dir='ltr'><strong><em>αύλὸς</em></strong></span> <span class='ocrx_word' id='word_1_113' title='bbox 762 1789 818 1856; x_wconf 78' lang='grc' dir='ltr'><strong><em>καὶ</em></strong></span> <span class='ocrx_word' id='word_1_114' title='bbox 836 1787 973 1876; x_wconf 86' lang='grc' dir='ltr'><strong><em>κιθάρα,</em></strong></span> <span class='ocrx_word' id='word_1_115' title='bbox 1000 1790 1148 1877; x_wconf 77' lang='grc' dir='ltr'><strong><em>τέρψεως</em></strong></span> <span class='ocrx_word' id='word_1_116' title='bbox 1161 1814 1184 1854; x_wconf 81' lang='grc' dir='ltr'><strong><em>ιε</em></strong></span> 
     </span>
     <span class='ocr_line' id='line_1_16' title="bbox 129 1890 1148 1983; baseline 0.002 -21"><span class='ocrx_word' id='word_1_117' title='bbox 129 1897 226 1962; x_wconf 80' lang='grc' dir='ltr'><strong><em>ἕνεκα</em></strong></span> <span class='ocrx_word' id='word_1_118' title='bbox 252 1897 309 1964; x_wconf 80' lang='grc' dir='ltr'><strong><em>καὶ</em></strong></span> <span class='ocrx_word' id='word_1_119' title='bbox 335 1894 559 1982; x_wconf 80' lang='grc' dir='ltr'><strong><em>ψυχαγωγίας.</em></strong></span> <span class='ocrx_word' id='word_1_120' title='bbox 596 1891 707 1983; x_wconf 75' lang='grc' dir='ltr'><strong><em>ὥσπερ</em></strong></span> <span class='ocrx_word' id='word_1_121' title='bbox 735 1891 799 1982; x_wconf 81' lang='grc' dir='ltr'><strong><em>γὰρ</em></strong></span> <span class='ocrx_word' id='word_1_122' title='bbox 823 1890 960 1982; x_wconf 84' lang='grc' dir='ltr'><strong><em>όρννθες</em></strong></span> <span class='ocrx_word' id='word_1_123' title='bbox 983 1897 1148 1970; x_wconf 79' lang='grc' dir='ltr'><strong><em>ἵπτασθαι</em></strong></span> 
     </span>
     <span class='ocr_line' id='line_1_17' title="bbox 129 1998 1148 2090; baseline 0 -20"><span class='ocrx_word' id='word_1_124' title='bbox 129 2002 185 2070; x_wconf 82' lang='grc' dir='ltr'><strong><em>καὶ</em></strong></span> <span class='ocrx_word' id='word_1_125' title='bbox 213 2016 286 2070; x_wconf 86' lang='grc' dir='ltr'><strong><em>νεῖν</em></strong></span> <span class='ocrx_word' id='word_1_126' title='bbox 314 2001 431 2090; x_wconf 78' lang='grc' dir='ltr'><strong><em>ἰχθύες</em></strong></span> <span class='ocrx_word' id='word_1_127' title='bbox 450 2005 488 2069; x_wconf 82' lang='grc' dir='ltr'><strong><em>αί</em></strong></span> <span class='ocrx_word' id='word_1_128' title='bbox 512 2028 546 2070; x_wconf 89' lang='grc' dir='ltr'><strong><em>τε</em></strong></span> <span class='ocrx_word' id='word_1_129' title='bbox 574 2007 692 2088; x_wconf 83' lang='grc' dir='ltr'><strong><em>ἔλαφοι</em></strong></span> <span class='ocrx_word' id='word_1_130' title='bbox 715 2010 793 2069; x_wconf 89' lang='grc' dir='ltr'><strong><em>θεῖν</em></strong></span> <span class='ocrx_word' id='word_1_131' title='bbox 820 1998 934 2088; x_wconf 78' lang='grc' dir='ltr'><strong><em>ἐπειδη</em></strong></span> <span class='ocrx_word' id='word_1_132' title='bbox 952 2000 1148 2088; x_wconf 83' lang='grc' dir='ltr'><strong><em>πεφύκασιν</em></strong></span> 
     </span>
     <span class='ocr_line' id='line_1_18' title="bbox 131 2101 1149 2197; baseline 0 -21"><span class='ocrx_word' id='word_1_133' title='bbox 131 2104 233 2176; x_wconf 78' lang='grc' dir='ltr'><strong><em>οὐδὲν</em></strong></span> <span class='ocrx_word' id='word_1_134' title='bbox 263 2111 325 2177; x_wconf 82' lang='grc' dir='ltr'><strong><em>τοῦ</em></strong></span> <span class='ocrx_word' id='word_1_135' title='bbox 358 2111 562 2195; x_wconf 76' lang='grc' dir='ltr'><strong><em>διδαχθῆναι</em></strong></span> <span class='ocrx_word' id='word_1_136' title='bbox 598 2108 840 2194; x_wconf 81' lang='grc' dir='ltr'><strong><em>προσδέονται,</em></strong></span> <span class='ocrx_word' id='word_1_137' title='bbox 872 2101 936 2174; x_wconf 84' lang='grc' dir='ltr'><strong><em>κάν</em></strong></span> <span class='ocrx_word' id='word_1_138' title='bbox 973 2107 1062 2197; x_wconf 82' lang='grc' dir='ltr'><strong><em>ὃήση</em></strong></span> <span class='ocrx_word' id='word_1_139' title='bbox 1098 2135 1149 2188; x_wconf 87' lang='grc' dir='ltr'><strong><em>τις</em></strong></span> 
     </span>
     <span class='ocr_line' id='line_1_19' title="bbox 129 2209 1148 2302; baseline 0.001 -21"><span class='ocrx_word' id='word_1_140' title='bbox 129 2209 193 2281; x_wconf 83' lang='grc' dir='ltr'><strong><em>κάν</em></strong></span> <span class='ocrx_word' id='word_1_141' title='bbox 219 2215 394 2302; x_wconf 80' lang='grc' dir='ltr'><strong><em>καθείρξη,</em></strong></span> <span class='ocrx_word' id='word_1_142' title='bbox 427 2216 579 2301; x_wconf 80' lang='grc' dir='ltr'><strong><em>πειρᾶται</em></strong></span> <span class='ocrx_word' id='word_1_143' title='bbox 613 2211 701 2301; x_wconf 82' lang='grc' dir='ltr'><strong><em>ὅμως</em></strong></span> <span class='ocrx_word' id='word_1_144' title='bbox 732 2214 881 2301; x_wconf 76' lang='grc' dir='ltr'><strong><em>χρῆσθαι</em></strong></span> <span class='ocrx_word' id='word_1_145' title='bbox 912 2211 1044 2293; x_wconf 89' lang='grc' dir='ltr'><strong><em>τούτοις</em></strong></span> <span class='ocrx_word' id='word_1_146' title='bbox 1076 2229 1148 2294; x_wconf 84' lang='grc' dir='ltr'><strong><em>τοῖς</em></strong></span> 
     </span>
    </p>
   </div>
   <div class='ocr_carea' id='block_1_4' title="bbox 58 2453 1153 3611">
    <p class='ocr_par' dir='ltr' id='par_1_4' title="bbox 130 2453 1151 3340">
     <span class='ocr_line' id='line_1_20' title="bbox 216 2453 1148 2546; baseline 0.002 -34"><span class='ocrx_word' id='word_1_147' title='bbox 216 2465 269 2512; x_wconf 92' lang='grc'><strong><em>1-</em></strong></span> <span class='ocrx_word' id='word_1_148' title='bbox 275 2466 291 2512; x_wconf 82' lang='lat'>5</span> <span class='ocrx_word' id='word_1_149' title='bbox 314 2480 368 2527; x_wconf 92' lang='grc' dir='ltr'><strong><em>την</em></strong></span> <span class='ocrx_word' id='word_1_150' title='bbox 385 2458 531 2546; x_wconf 83' lang='grc' dir='ltr'><strong><em>άρχην-</em></strong></span> <span class='ocrx_word' id='word_1_151' title='bbox 548 2453 706 2546; x_wconf 81' lang='grc' dir='ltr'><strong><em>ἀναζητεῖν</em></strong></span> <span class='ocrx_word' id='word_1_152' title='bbox 727 2466 873 2542; x_wconf 63' lang='lat' dir='ltr'><strong><em>inemptam</em></strong></span> <span class='ocrx_word' id='word_1_153' title='bbox 892 2467 920 2513; x_wconf 79' lang='lat' dir='ltr'><strong><em>et</em></strong></span> <span class='ocrx_word' id='word_1_154' title='bbox 937 2469 1082 2515; x_wconf 79' lang='lat' dir='ltr'>eontracta</span> <span class='ocrx_word' id='word_1_155' title='bbox 1101 2465 1148 2520; x_wconf 85' lang='lat' dir='ltr'><strong><em>eit</em></strong></span> 
     </span>
     <span class='ocr_line' id='line_1_21' title="bbox 132 2521 1149 2615; baseline 0.003 -35"><span class='ocrx_word' id='word_1_156' title='bbox 132 2529 273 2580; x_wconf 80' lang='lat' dir='ltr'>Suidasv.</span> <span class='ocrx_word' id='word_1_157' title='bbox 293 2527 449 2595; x_wconf 79' lang='grc' dir='ltr'><strong><em>χρεμετίζει</em></strong></span> <span class='ocrx_word' id='word_1_158' title='bbox 536 2534 549 2581; x_wconf 99' lang='grc'><strong><em>1</em></strong></span> <span class='ocrx_word' id='word_1_159' title='bbox 574 2525 689 2599; x_wconf 80' lang='grc' dir='ltr'><strong><em>ηὑρέθη</em></strong></span> <span class='ocrx_word' id='word_1_160' title='bbox 709 2529 746 2598; x_wconf 90' lang='grc' dir='ltr'><strong><em>Η]</em></strong></span> <span class='ocrx_word' id='word_1_161' title='bbox 766 2521 874 2595; x_wconf 80' lang='grc' dir='ltr'><strong><em>εύρέθη</em></strong></span> <span class='ocrx_word' id='word_1_162' title='bbox 961 2523 1149 2615; x_wconf 86' lang='grc' dir='ltr'><strong><em>5πταρόντα</em></strong></span> 
     </span>
     <span class='ocr_line' id='line_1_22' title="bbox 130 2592 1149 2680; baseline 0.001 -32"><span class='ocrx_word' id='word_1_163' title='bbox 130 2597 198 2648; x_wconf 83' lang='lat' dir='ltr'>Rsk.</span> <span class='ocrx_word' id='word_1_164' title='bbox 218 2601 246 2646; x_wconf 75' lang='lat' dir='ltr'><strong><em>et</em></strong></span> <span class='ocrx_word' id='word_1_165' title='bbox 264 2593 343 2664; x_wconf 85' lang='lat' dir='ltr'><strong>Cob.]</strong></span> <span class='ocrx_word' id='word_1_166' title='bbox 362 2592 515 2680; x_wconf 83' lang='grc' dir='ltr'><strong><em>σπαρίντα</em></strong></span> <span class='ocrx_word' id='word_1_167' title='bbox 532 2615 563 2661; x_wconf 91' lang='lat' dir='ltr'><strong><em>v,</em></strong></span> <span class='ocrx_word' id='word_1_168' title='bbox 587 2595 731 2679; x_wconf 78' lang='grc' dir='ltr'><strong><em>πτυρέντα</em></strong></span> <span class='ocrx_word' id='word_1_169' title='bbox 750 2599 808 2648; x_wconf 86' lang='lat' dir='ltr'>cod.</span> <span class='ocrx_word' id='word_1_170' title='bbox 828 2596 974 2648; x_wconf 76' lang='lat' dir='ltr'>ASuidae</span> <span class='ocrx_word' id='word_1_171' title='bbox 1061 2594 1115 2648; x_wconf 82' lang='lat'><strong>6</strong></span> <span class='ocrx_word' id='word_1_172' title='bbox 1101 2616 1149 2650; x_wconf 90' lang='grc' dir='ltr'><strong><em>ιπ-</em></strong></span> 
     </span>
     <span class='ocr_line' id='line_1_23' title="bbox 130 2658 1149 2747; baseline 0.002 -31"><span class='ocrx_word' id='word_1_173' title='bbox 130 2667 197 2723; x_wconf 85' lang='grc' dir='ltr'><strong><em>πεις</em></strong></span> <span class='ocrx_word' id='word_1_174' title='bbox 215 2663 289 2715; x_wconf 86' lang='lat' dir='ltr'>Suid</span> <span class='ocrx_word' id='word_1_175' title='bbox 309 2680 335 2715; x_wconf 89' lang='lat' dir='ltr'>v</span> <span class='ocrx_word' id='word_1_176' title='bbox 359 2659 458 2725; x_wconf 77' lang='grc' dir='ltr'><strong><em>ἱππεῖς</em></strong></span> <span class='ocrx_word' id='word_1_177' title='bbox 480 2662 716 2747; x_wconf 72' lang='grc' dir='ltr'><strong><em>λευκοθάρακεςτ</em></strong></span> <span class='ocrx_word' id='word_1_178' title='bbox 737 2663 893 2746; x_wconf 82' lang='grc' dir='ltr'><strong><em>παροιμία</em></strong></span> <span class='ocrx_word' id='word_1_179' title='bbox 917 2659 1017 2724; x_wconf 82' lang='grc' dir='ltr'><strong><em>ἴππεῖς</em></strong></span> <span class='ocrx_word' id='word_1_180' title='bbox 1038 2661 1093 2743; x_wconf 72' lang='grc' dir='ltr'><strong><em>μὲν</em></strong></span> <span class='ocrx_word' id='word_1_181' title='bbox 1118 2658 1149 2718; x_wconf 77' lang='grc' dir='ltr'><strong><em>ἐν</em></strong></span> 
     </span>
     <span class='ocr_line' id='line_1_24' title="bbox 133 2721 1150 2810; baseline -0.001 -26"><span class='ocrx_word' id='word_1_182' title='bbox 133 2730 276 2809; x_wconf 80' lang='grc' dir='ltr'><strong><em>Θετταλίᾳ</em></strong></span> <span class='ocrx_word' id='word_1_183' title='bbox 294 2728 345 2783; x_wconf 75' lang='grc' dir='ltr'><strong><em>καὶ</em></strong></span> <span class='ocrx_word' id='word_1_184' title='bbox 358 2728 469 2810; x_wconf 82' lang='grc' dir='ltr'><strong><em>Θράιη,</em></strong></span> <span class='ocrx_word' id='word_1_185' title='bbox 488 2729 605 2796; x_wconf 76' lang='grc' dir='ltr'><strong><em>τοξόται</em></strong></span> <span class='ocrx_word' id='word_1_186' title='bbox 624 2729 657 2786; x_wconf 79' lang='grc'>61</span> <span class='ocrx_word' id='word_1_187' title='bbox 676 2727 774 2785; x_wconf 82' lang='grc' dir='ltr'><strong><em>καὶ</em></strong></span> <span class='ocrx_word' id='word_1_188' title='bbox 744 2750 779 2783; x_wconf 89' lang='grc' dir='ltr'><strong><em>τα</em></strong></span> <span class='ocrx_word' id='word_1_189' title='bbox 792 2727 958 2797; x_wconf 81' lang='grc' dir='ltr'><strong><em>κουφότερα</em></strong></span> <span class='ocrx_word' id='word_1_190' title='bbox 975 2733 1033 2784; x_wconf 80' lang='grc' dir='ltr'><strong><em>τῶν</em></strong></span> <span class='ocrx_word' id='word_1_191' title='bbox 1051 2721 1150 2785; x_wconf 81' lang='grc' dir='ltr'><strong><em>ὅπλων</em></strong></span> 
     </span>
     <span class='ocr_line' id='line_1_25' title="bbox 132 2782 1149 2871; baseline -0.001 -19"><span class='ocrx_word' id='word_1_192' title='bbox 132 2793 163 2852; x_wconf 83' lang='grc' dir='ltr'><strong><em>ίν</em></strong></span> <span class='ocrx_word' id='word_1_193' title='bbox 178 2782 270 2851; x_wconf 78' lang='grc' dir='ltr'><strong><em>Ἰνὸίά</em></strong></span> <span class='ocrx_word' id='word_1_194' title='bbox 294 2797 344 2850; x_wconf 78' lang='grc' dir='ltr'><strong><em>καὶ</em></strong></span> <span class='ocrx_word' id='word_1_195' title='bbox 363 2794 461 2868; x_wconf 79' lang='grc' dir='ltr'><strong><em>Κρήτη</em></strong></span> <span class='ocrx_word' id='word_1_196' title='bbox 483 2800 532 2852; x_wconf 80' lang='grc' dir='ltr'><strong><em>καὶ</em></strong></span> <span class='ocrx_word' id='word_1_197' title='bbox 559 2800 663 2871; x_wconf 78' lang='grc' dir='ltr'><strong><em>Καρία.</em></strong></span> <span class='ocrx_word' id='word_1_198' title='bbox 701 2801 746 2851; x_wconf 83' lang='lat' dir='ltr'><strong><em>cf.</em></strong></span> <span class='ocrx_word' id='word_1_199' title='bbox 766 2799 847 2865; x_wconf 81' lang='lat' dir='ltr'><strong>Gorp.</strong></span> <span class='ocrx_word' id='word_1_200' title='bbox 867 2801 1049 2867; x_wconf 81' lang='lat' dir='ltr'>paroemiogr.</span> <span class='ocrx_word' id='word_1_201' title='bbox 1069 2800 1117 2851; x_wconf 86' lang='lat' dir='ltr'><strong><em>Gr</em></strong></span> <span class='ocrx_word' id='word_1_202' title='bbox 1136 2802 1149 2851; x_wconf 89' lang='lat'>1</span> 
     </span>
     <span class='ocr_line' id='line_1_26' title="bbox 131 2852 1151 2950; baseline 0 -32"><span class='ocrx_word' id='word_1_203' title='bbox 131 2870 236 2950; x_wconf 60' lang='lat' dir='ltr'><strong><em>pm</em></strong></span> <span class='ocrx_word' id='word_1_204' title='bbox 254 2853 364 2946; x_wconf 85' lang='lat' dir='ltr'>Vulgo</span> <span class='ocrx_word' id='word_1_205' title='bbox 383 2852 591 2947; x_wconf 67' lang='grc' dir='ltr'><strong><em>1οςὶἰοτημεις</em></strong></span> <span class='ocrx_word' id='word_1_206' title='bbox 671 2871 714 2933; x_wconf 91' lang='grc'><strong><em>8,</em></strong></span> <span class='ocrx_word' id='word_1_207' title='bbox 718 2870 796 2930; x_wconf 71' lang='lat' dir='ltr'><strong>‚Post</strong></span> <span class='ocrx_word' id='word_1_208' title='bbox 812 2868 909 2934; x_wconf 79' lang='grc' dir='ltr'><strong><em>Καρίᾳ</em></strong></span> <span class='ocrx_word' id='word_1_209' title='bbox 926 2868 1021 2920; x_wconf 79' lang='lat' dir='ltr'>deesse</span> <span class='ocrx_word' id='word_1_210' title='bbox 1040 2869 1151 2919; x_wconf 84' lang='lat' dir='ltr'>videtur</span> 
     </span>
     <span class='ocr_line' id='line_1_27' title="bbox 132 2926 1150 3016; baseline -0.002 -28"><span class='ocrx_word' id='word_1_211' title='bbox 132 2927 243 3016; x_wconf 71' lang='grc' dir='ltr'><strong><em>εὑρέθη</em></strong></span> <span class='ocrx_word' id='word_1_212' title='bbox 268 2941 316 2985; x_wconf 78' lang='lat' dir='ltr'><strong><em>aut</em></strong></span> <span class='ocrx_word' id='word_1_213' title='bbox 339 2926 473 3000; x_wconf 83' lang='grc' dir='ltr'><strong><em>ἀνεφάνη</em></strong></span> <span class='ocrx_word' id='word_1_214' title='bbox 496 2937 542 2987; x_wconf 89' lang='lat' dir='ltr'><strong><em>vel</em></strong></span> <span class='ocrx_word' id='word_1_215' title='bbox 564 2937 654 2987; x_wconf 84' lang='lat' dir='ltr'>simile</span> <span class='ocrx_word' id='word_1_216' title='bbox 679 2935 768 3016; x_wconf 88' lang='lat' dir='ltr'><strong>quid“</strong></span> <span class='ocrx_word' id='word_1_217' title='bbox 792 2935 860 2986; x_wconf 85' lang='lat' dir='ltr'><strong>Rsk.</strong></span> <span class='ocrx_word' id='word_1_218' title='bbox 949 2938 978 2986; x_wconf 91' lang='grc'><strong><em>11</em></strong></span> <span class='ocrx_word' id='word_1_219' title='bbox 995 2926 1150 3016; x_wconf 77' lang='grc' dir='ltr'><strong><em>ηὑρῆσθαι</em></strong></span> 
     </span>
     <span class='ocr_line' id='line_1_28' title="bbox 130 2996 1151 3088; baseline -0.002 -34"><span class='ocrx_word' id='word_1_220' title='bbox 130 3001 170 3088; x_wconf 84' lang='grc' dir='ltr'><strong><em>Η]</em></strong></span> <span class='ocrx_word' id='word_1_221' title='bbox 192 2998 341 3088; x_wconf 76' lang='grc' dir='ltr'><strong><em>εὑρῆσθαι</em></strong></span> <span class='ocrx_word' id='word_1_222' title='bbox 442 3005 472 3053; x_wconf 93' lang='grc'><strong><em>11</em></strong></span> <span class='ocrx_word' id='word_1_223' title='bbox 493 3006 570 3054; x_wconf 74' lang='grc' dir='ltr'>ο112</span> <span class='ocrx_word' id='word_1_224' title='bbox 601 3003 658 3054; x_wconf 82' lang='grc' dir='ltr'><strong><em>τῶν</em></strong></span> <span class='ocrx_word' id='word_1_225' title='bbox 689 2997 834 3069; x_wconf 81' lang='grc' dir='ltr'><strong><em>ἀγελαίαν</em></strong></span> <span class='ocrx_word' id='word_1_226' title='bbox 857 2998 952 3054; x_wconf 76' lang='grc' dir='ltr'><strong><em>ἔοικεν</em></strong></span> <span class='ocrx_word' id='word_1_227' title='bbox 985 2996 1151 3081; x_wconf 77' lang='grc' dir='ltr'><strong><em>ἀνθρώπων</em></strong></span> 
     </span>
     <span class='ocr_line' id='line_1_29' title="bbox 133 3061 1150 3137; baseline -0.004 -14"><span class='ocrx_word' id='word_1_228' title='bbox 133 3067 210 3123; x_wconf 78' lang='grc' dir='ltr'><strong><em>εἶναι</em></strong></span> <span class='ocrx_word' id='word_1_229' title='bbox 228 3087 243 3122; x_wconf 94' lang='grc' dir='ltr'><strong><em>ο</em></strong></span> <span class='ocrx_word' id='word_1_230' title='bbox 263 3085 394 3128; x_wconf 84' lang='grc' dir='ltr'><strong><em>τοιουτος</em></strong></span> <span class='ocrx_word' id='word_1_231' title='bbox 412 3069 512 3120; x_wconf 82' lang='lat' dir='ltr'>Suidas</span> <span class='ocrx_word' id='word_1_232' title='bbox 530 3087 556 3121; x_wconf 93' lang='lat' dir='ltr'>v</span> <span class='ocrx_word' id='word_1_233' title='bbox 576 3061 711 3135; x_wconf 83' lang='grc' dir='ltr'><strong><em>ἀγελαῖος</em></strong></span> <span class='ocrx_word' id='word_1_234' title='bbox 781 3073 812 3121; x_wconf 79' lang='lat'><strong><em>12</em></strong></span> <span class='ocrx_word' id='word_1_235' title='bbox 831 3065 864 3122; x_wconf 85' lang='grc' dir='ltr'><strong><em>τό</em></strong></span> <span class='ocrx_word' id='word_1_236' title='bbox 878 3086 911 3136; x_wconf 80' lang='grc' dir='ltr'><strong><em>γε</em></strong></span> <span class='ocrx_word' id='word_1_237' title='bbox 930 3067 964 3137; x_wconf 88' lang='lat' dir='ltr'><strong><em>V]</em></strong></span> <span class='ocrx_word' id='word_1_238' title='bbox 983 3063 1047 3122; x_wconf 83' lang='grc' dir='ltr'><strong><em>τότε</em></strong></span> <span class='ocrx_word' id='word_1_239' title='bbox 1119 3072 1150 3120; x_wconf 84' lang='grc'><strong><em>13</em></strong></span> 
     </span>
     <span class='ocr_line' id='line_1_30' title="bbox 132 3130 1151 3288; baseline -0.002 -32"><span class='ocrx_word' id='word_1_240' title='bbox 132 3130 1151 3288; x_wconf 41' lang='grc' dir='ltr'>1119ηέιῖῑὲ3)181111,ρῖῗέᾞὲῗὲλῖἒίίῖμξῖξῖῖιίλξλέἴῖίὲἶ</span> 
     </span>
     <span class='ocr_line' id='line_1_31' title="bbox 132 3262 1151 3351; baseline -0.002 -27"><span class='ocrx_word' id='word_1_241' title='bbox 132 3271 284 3350; x_wconf 82' lang='lat' dir='ltr'>adjecimus</span> <span class='ocrx_word' id='word_1_242' title='bbox 333 3277 364 3324; x_wconf 90' lang='grc'><strong><em>13</em></strong></span> <span class='ocrx_word' id='word_1_243' title='bbox 376 3290 459 3351; x_wconf 84' lang='grc' dir='ltr'><strong><em>μεχρι</em></strong></span> <span class='ocrx_word' id='word_1_244' title='bbox 474 3289 525 3324; x_wconf 90' lang='lat' dir='ltr'><strong><em>om</em></strong></span> <span class='ocrx_word' id='word_1_245' title='bbox 536 3272 613 3324; x_wconf 79' lang='lat' dir='ltr'>Suid.</span> <span class='ocrx_word' id='word_1_246' title='bbox 659 3275 691 3324; x_wconf 75' lang='lat'><strong><em>15</em></strong></span> <span class='ocrx_word' id='word_1_247' title='bbox 709 3269 760 3324; x_wconf 76' lang='grc' dir='ltr'><strong><em>καὶ</em></strong></span> <span class='ocrx_word' id='word_1_248' title='bbox 772 3268 895 3339; x_wconf 81' lang='grc' dir='ltr'><strong><em>κιθαρα]</em></strong></span> <span class='ocrx_word' id='word_1_249' title='bbox 916 3262 1059 3337; x_wconf 81' lang='grc' dir='ltr'><strong><em>ηαιθάρα</em></strong></span> <span class='ocrx_word' id='word_1_250' title='bbox 1073 3272 1151 3323; x_wconf 86' lang='lat' dir='ltr'>Suid.</span> 
     </span>
    </p>

    <p class='ocr_par' dir='ltr' id='par_1_5' title="bbox 58 3333 1151 3611">
     <span class='ocr_line' id='line_1_32' title="bbox 58 3333 1151 3417; baseline -0.002 -25"><span class='ocrx_word' id='word_1_251' title='bbox 58 3346 60 3350; x_wconf 82' lang='grc'>’</span> <span class='ocrx_word' id='word_1_252' title='bbox 134 3343 233 3392; x_wconf 84' lang='lat'>16-18</span> <span class='ocrx_word' id='word_1_253' title='bbox 254 3356 347 3404; x_wconf 86' lang='grc' dir='ltr'><strong><em>ωσπερ</em></strong></span> <span class='ocrx_word' id='word_1_254' title='bbox 366 3333 471 3404; x_wconf 85' lang='grc' dir='ltr'><strong><em>γάρ-</em></strong></span> <span class='ocrx_word' id='word_1_255' title='bbox 479 3337 682 3417; x_wconf 75' lang='grc' dir='ltr'><strong><em>προσδέονται</em></strong></span> <span class='ocrx_word' id='word_1_256' title='bbox 702 3342 749 3393; x_wconf 77' lang='lat' dir='ltr'>eit.</span> <span class='ocrx_word' id='word_1_257' title='bbox 769 3338 866 3390; x_wconf 78' lang='lat' dir='ltr'>Suidas</span> <span class='ocrx_word' id='word_1_258' title='bbox 883 3357 910 3391; x_wconf 87' lang='lat' dir='ltr'><strong>v</strong></span> <span class='ocrx_word' id='word_1_259' title='bbox 929 3345 993 3391; x_wconf 82' lang='grc' dir='ltr'><strong><em>νειν</em></strong></span> <span class='ocrx_word' id='word_1_260' title='bbox 1046 3343 1078 3392; x_wconf 90' lang='grc'><strong><em>16</em></strong></span> <span class='ocrx_word' id='word_1_261' title='bbox 1096 3333 1151 3406; x_wconf 82' lang='grc' dir='ltr'><strong><em>γάρ</em></strong></span> 
     </span>
     <span class='ocr_line' id='line_1_33' title="bbox 133 3400 1150 3485; baseline -0.001 -26"><span class='ocrx_word' id='word_1_262' title='bbox 133 3403 165 3459; x_wconf 81' lang='grc' dir='ltr'><strong><em>οἱ</em></strong></span> <span class='ocrx_word' id='word_1_263' title='bbox 189 3400 309 3483; x_wconf 79' lang='grc' dir='ltr'><strong><em>ὄρνιθες</em></strong></span> <span class='ocrx_word' id='word_1_264' title='bbox 336 3409 426 3471; x_wconf 73' lang='lat' dir='ltr'>Suid,</span> <span class='ocrx_word' id='word_1_265' title='bbox 452 3401 507 3474; x_wconf 77' lang='grc' dir='ltr'><strong><em>γάρ</em></strong></span> <span class='ocrx_word' id='word_1_266' title='bbox 525 3425 586 3459; x_wconf 91' lang='lat' dir='ltr'><strong><em>om.</em></strong></span> <span class='ocrx_word' id='word_1_267' title='bbox 610 3414 665 3474; x_wconf 84' lang='lat' dir='ltr'><strong><em>pet</em></strong></span> <span class='ocrx_word' id='word_1_268' title='bbox 755 3410 786 3458; x_wconf 82' lang='grc'><strong><em>11</em></strong></span> <span class='ocrx_word' id='word_1_269' title='bbox 813 3413 905 3460; x_wconf 80' lang='grc' dir='ltr'><strong><em>νεῖν.</em></strong></span> <span class='ocrx_word' id='word_1_270' title='bbox 962 3406 1031 3459; x_wconf 80' lang='grc' dir='ltr'><strong><em>,αἴ</em></strong></span> <span class='ocrx_word' id='word_1_271' title='bbox 1052 3411 1126 3459; x_wconf 84' lang='grc' dir='ltr'>τε1</span> <span class='ocrx_word' id='word_1_272' title='bbox 1131 3403 1150 3485; x_wconf 78' lang='grc' dir='ltr'>Ι</span> 
     </span>
     <span class='ocr_line' id='line_1_34' title="bbox 133 3446 1153 3551; baseline 0.001 -26"><span class='ocrx_word' id='word_1_273' title='bbox 133 3470 221 3540; x_wconf 79' lang='grc' dir='ltr'><strong><em>ἰχθυς</em></strong></span> <span class='ocrx_word' id='word_1_274' title='bbox 239 3475 349 3525; x_wconf 84' lang='lat' dir='ltr'>videtur</span> <span class='ocrx_word' id='word_1_275' title='bbox 370 3446 558 3551; x_wconf 48' lang='lat' dir='ltr'>scribendum,</span> <span class='ocrx_word' id='word_1_276' title='bbox 577 3477 633 3526; x_wconf 88' lang='lat' dir='ltr'>vid.</span> <span class='ocrx_word' id='word_1_277' title='bbox 653 3475 775 3526; x_wconf 78' lang='lat' dir='ltr'><strong>ad59A</strong></span> <span class='ocrx_word' id='word_1_278' title='bbox 801 3476 806 3540; x_wconf 94' lang='grc' dir='ltr'>Ι</span> <span class='ocrx_word' id='word_1_279' title='bbox 832 3446 1024 3556; x_wconf 71' lang='grc' dir='ltr'>ἕπε18616.1</span> <span class='ocrx_word' id='word_1_280' title='bbox 1056 3469 1153 3540; x_wconf 83' lang='grc' dir='ltr'><strong><em>πεφύ·</em></strong></span> 
     </span>
     <span class='ocr_line' id='line_1_35' title="bbox 124 3534 1014 3611; baseline 0 -19"><span class='ocrx_word' id='word_1_281' title='bbox 124 3555 215 3594; x_wconf 84' lang='grc' dir='ltr'><strong><em>κασιν</em></strong></span> <span class='ocrx_word' id='word_1_282' title='bbox 237 3542 262 3593; x_wconf 86' lang='lat' dir='ltr'><strong><em>V</em></strong></span> <span class='ocrx_word' id='word_1_283' title='bbox 277 3547 308 3594; x_wconf 75' lang='lat' dir='ltr'><strong><em>et</em></strong></span> <span class='ocrx_word' id='word_1_284' title='bbox 326 3540 415 3611; x_wconf 78' lang='lat' dir='ltr'>Suid.]</span> <span class='ocrx_word' id='word_1_285' title='bbox 433 3534 583 3610; x_wconf 86' lang='grc' dir='ltr'><strong><em>πεφύκασι</em></strong></span> <span class='ocrx_word' id='word_1_286' title='bbox 653 3545 686 3594; x_wconf 90' lang='grc'><strong><em>18</em></strong></span> <span class='ocrx_word' id='word_1_287' title='bbox 704 3537 793 3594; x_wconf 72' lang='grc' dir='ltr'><strong><em>οὐδὲν</em></strong></span> <span class='ocrx_word' id='word_1_288' title='bbox 812 3538 901 3610; x_wconf 87' lang='lat' dir='ltr'>Suid.]</span> <span class='ocrx_word' id='word_1_289' title='bbox 921 3534 1014 3609; x_wconf 84' lang='grc' dir='ltr'><strong><em>οόθεν</em></strong></span> 
     </span>
    </p>
   </div>
   <div class='ocr_carea' id='block_1_5' title="bbox 0 0 1235 3870">
    <p class='ocr_par' dir='ltr' id='par_1_6' title="bbox 0 0 1235 3870">
     <span class='ocr_line' id='line_1_36' title="bbox 0 0 1235 3870; baseline 0 0"><span class='ocrx_word' id='word_1_290' title='bbox 0 0 1235 3870; x_wconf 95' lang='lat' dir='ltr'><strong><em> </em></strong></span> 
     </span>
    </p>
   </div>
  </div>
 </body>
</html>
