2408 3856
138 155 180 220 38
440 157 584 209 IULIANI
604 158 850 210 IMPERATORIS

136 285 253 373 νόμων
279 283 479 372 τολμήματα,
506 281 567 352 τὸν
593 284 655 372 μὲν
682 290 729 366 εἰς
756 289 856 373 δίκην
882 287 938 353 καὶ
964 290 1113 376 αρίσινέ

136 394 205 459 τῶν
233 391 466 478 στρατοπέδων
483 390 692 479 προναάλεις,
720 393 781 458 τοῦ
805 390 842 459 δὲ
860 390 977 479 κριτήν
1004 389 1148 482 ὑπελάμ-

137 503 237 584 βανες
273 495 360 565 εἶναι
394 492 454 564 τὸν
490 496 644 623 πόλεμον.
699 493 770 565 ἀλλ’
810 494 922 585 ἐπειδή
958 501 1093 586 πρῶτον
1130 496 1179 569 ὁ
1184 497 1194 515 ³

83 622 118 672 31
137 601 237 684 καλὸς
268 603 324 670 καὶ
352 598 489 682 συνετὸς
521 598 650 693 άπήντα
681 601 883 690 πρεσβύτης,
915 600 1189 696 εὐχερέστερον

137 714 319 797 παιδαρίον
350 705 442 788 τινδς
473 709 727 795 μετατιθέμενος
757 705 798 775 τά
836 708 979 789 δόξαντα
1010 713 1067 778 καὶ
1099 702 1196 799 wvaf

138 807 176 884 εύ
194 815 298 884 πάθοι
318 813 475 901 δεομενος
493 812 573 900 μετά
590 812 652 901 τήν
675 819 790 903 χρείαν
809 814 1010 902 ἐπιλήσμων·
1038 820 1184 907 παρήν
1175 808 1194 879 s

137 918 224 990 δέ”
202 948 295 1007 αγων
323 917 467 989 ὁπλιτῶν
499 919 671 1008 φάλαγγας
697 921 753 987 καὶ
784 919 890 1000 τάξεις
918 919 1118 1008 ἱππέων,
1095 950 1150 1011 ως,
1185 959 1199 987 2.

136 1033 167 1096 εί
192 1026 236 1115 μή
264 1033 392 1112 πεάδοι,
424 1025 626 1113 βιασόμενός
654 1024 719 1114 (σε)
749 1021 855 1093 ὀπίσω
888 1026 988 1095 πάλιν
1015 1024 1150 1097 άπιέναι
1188 1027 1191 1075 3

134 1131 197 1221 τήν
225 1129 331 1220 αὐτήν
359 1129 541 1219 άπραιιτον·
570 1128 672 1199 οὐδέν
692 1133 873 1217 ἐκπλαγείς,
902 1128 953 1200 ὅτι
975 1129 1036 1200 τὸν
1065 1134 1147 1221 σύμ·
1180 1144 1194 1217 4ᾗς

134 1266 242 1327 μαχον
259 1239 315 1306 καὶ
335 1235 520 1324 στρατηγὸν
543 1249 656 1323 μενεῖν
684 1235 969 1324 ἐπαγγελλόμενον
987 1239 1149 1326 πολέμιον
1163 1244 1195 1294 τε

135 1343 221 1424 εἶδες
248 1345 281 1424 ἐξ
309 1340 424 1430 ἰσης’
410 1340 524 1429 άρχειν
543 1344 714 1427 ἐθέλοντα,
741 1347 850 1412 καίτοι
867 1345 913 1433 τῷ
941 1342 1063 1430 πλήθει
1081 1348 1121 1413 τά

94 1448 392 1577 Βστρατευμάτων
420 1447 667 1535 ἐλαττούμενος,
695 1449 765 1516 ἐπεὶ
792 1446 836 1537 μή
855 1448 976 1528 πάντες
1003 1453 1150 1537 ειποντο,
1189 1470 1201 1540 j·

134 1553 218 1645 πρὸς
244 1554 366 1642 πλήθει
393 1556 579 1643 κρατοῦντα
607 1558 866 1639 διαγωνίζεσθαι
893 1553 1061 1644 τολμηρὸν
1088 1555 1150 1643 μέν
1193 1548 1203 1647 Ἰ

135 1670 230 1747 ἴσως,
259 1657 429 1749 σφαλερὸν
456 1659 492 1727 δέ
521 1657 627 1740 άλλως
653 1655 836 1747 ὑπολαβων
863 1661 919 1727 καὶ
947 1660 1191 1794 κρατήσαντι

134 1771 174 1855 τή
201 1767 288 1854 μάχη
317 1764 372 1834 διὰ
399 1762 459 1834 τὸν
488 1750 728 1854 ἐφεδρεύοντα
738 1780 808 1845 τοῖς
840 1779 968 1853 καιροῖς
995 1767 1051 1834 καὶ
1078 1781 1199 1854 τοῑςιο

134 1872 326 1963 πράγμασιν
353 1870 473 1961 άγριον
491 1871 671 1960 τύραννον,
699 1870 888 1958 ἐβουλεύσω
907 1874 1015 1952 καλῶς
1042 1872 1149 1959 μόνον

135 1978 222 2048 εἶναι
254 1977 317 2047 σὸν
353 1979 481 2048 ἐθέλων
512 1976 550 2047 τὸ
582 1977 800 2105 κατόρθωμα,
837 1978 892 2044 καὶ
924 1977 1063 2065 παρήεις
1096 1978 1148 2046 ἐπὶ
1179 1990 1195 2030 >⁴³

134 2084 172 2155 τὸ
214 2089 304 2175 βήμα
345 2083 425 2172 μετά
461 2111 522 2152 τον
558 2086 639 2164 τέως
675 2081 913 2172 συνάρχοντος·
956 2082 1073 2171 συνήει
1112 2083 1149 2152 δέ

135 2186 270 2319 ὁπλίτης
298 2194 402 2277 δήμος
434 2194 578 2275 στιλβων
605 2202 674 2268 τοϊς
702 2185 830 2273 οπλοις,
863 2186 903 2256 τά
931 2189 1009 2275 ξίφη
1038 2187 1149 2276 γυμνά
1201 2204 1204 2275 ³:

95 2297 191 2368 Οιιαὶ
218 2295 259 2363 τά
287 2295 412 2382 δόρατα
430 2299 670 2419 πρμτείνοντες,
698 2296 796 2384 δειλῷ
815 2293 876 2381 μέν
903 2296 1068 2382 φρικωδες
1091 2294 1189 2363 καὶ
1160 2322 1193 2387 τοι

136 2399 250 2469 δεινὸν
286 2401 411 2486 θέαμα,
448 2394 583 2489 εὐψύχῳ
617 2398 654 2467 δὲ
690 2400 745 2466 καὶ
777 2401 954 2490 θαρραλέῳ
987 2400 1043 2467 καὶ
1077 2395 1149 2480 οἷος
1188 2395 1204 2423 ³

135 2504 237 2587 αύτὸς
263 2507 404 2591 γέγονας
423 2502 544 2592 ὄφελος
563 2519 729 2590 γενναῖον,
767 2502 894 2574 ούκοῦν
921 2502 1033 2592 ἐπειδή
1058 2509 1148 2593 προά-

134 2640 194 2682 τον
225 2609 315 2702 ήρξω
346 2613 415 2678 τῶν
446 2609 572 2697 λόγων,
605 2609 680 2699 σιγή
713 2611 774 2699 μὲν
807 2612 935 2697 ἐπέσχε,
967 2608 1050 2698 πρὸς
1087 2609 1151 2698 τήν
1200 2600 1204 2653 s

135 2715 240 2805 άιιοήν
269 2713 474 2805 ὡρμημένων
497 2717 644 2804 πάντων,
670 2715 708 2786 τὸ
728 2717 927 2806 στράτευμα·
956 2715 1088 2805 δάκρυα
1113 2715 1150 2784 δὲ

134 2837 311 2914 προνχεῑτο
344 2831 493 2908 πολλοῖς,
526 2825 581 2891 καὶ
615 2825 648 2905 ἐς
679 2821 739 2893 τὸν
772 2819 920 2911 οὐρανὸν
951 2819 1010 2901 τάς
1037 2836 1149 2910 χεῖρας
1161 2809 1203 2890 εε

134 2927 275 3021 ύρεγον,
304 2932 381 3018 σιγή
408 2931 464 2997 καὶ
482 2932 587 2998 ταῦτα
606 2932 761 3019 δρῶντες,
791 2924 835 3008 ὡς
857 2928 952 3015 μήτις
979 2937 1150 3015 αἴσθηται.

202 3105 410 3192 2προνιιάλειη
426 3109 465 3178 Η]
485 3110 667 3190 προεκάλεις
724 3103 837 3170 δεινὸς
854 3108 891 3176 V]
909 3105 1020 3169 παντὸς
1078 3113 1150 3161 8σε

135 3181 243 3232 addidit
261 3183 289 3232 H
357 3129 433 3232 θαπ
434 3195 537 3246 ρακτος
555 3180 584 3229 Μ
610 3179 614 3242 Ι
638 3173 701 3245 τὸν]
727 3171 758 3229 τὰ
778 3179 804 3228 V
873 3180 905 3229 10
927 3181 1026 3244 μενεῖν
1045 3174 1082 3256 Η]
1102 3173 1150 3242 μέ-

133 3265 198 3300 νειν
205 3248 222 3315 Ι
242 3241 316 3315 ἐπαγ
337 3198 488 3315 ελλόμενος
506 3246 531 3297 V
584 3249 615 3296 12
634 3239 844 3326 έλμτττύμενον
861 3245 920 3296 VM
990 3246 1021 3295 14
1045 3234 1150 3308 άλλως]

134 3311 270 3376 πάντωςῖ
300 3266 336 3367 οδ.
354 3315 439 3366 222Α
456 3313 536 3366 3530
558 3312 562 3379 Ι
583 3307 727 3380 κρατήσας
744 3314 769 3364 V
837 3315 870 3365 15
892 3312 927 3378 τή
946 3306 1024 3396 μάχη
1042 3310 1079 3390 V]
1098 3311 1152 3378 τήν

134 3377 246 3462 μάχην
300 3386 331 3434 17
353 3379 473 3450 παρήεις
492 3381 559 3434 Rsk.
578 3388 607 3432 et
624 3383 704 3444 Wyt]
707 3379 725 3446 .]
746 3376 861 3443 παριεὶς
929 3383 963 3431 22
986 3377 1096 3433 ονκοῦν
1113 3378 1150 3444 V]

78 3486 83 3489 v
136 3442 190 3501 ούα
212 3435 265 3501 ούν
334 3452 367 3501 25
389 3450 508 3509 πολλοῖς
530 3448 602 3514 VM]
625 3451 686 3507 τοῖς
708 3447 851 3513 πολλοιςΙ
872 3441 986 3512 §svm
1007 3445 1048 3507 εἰς
1119 3448 1151 3498 26

130 3508 219 3581 μέτα
236 3514 304 3580 VM]
323 3515 427 3582 μηδεὶς
