2436 3870
147 154 212 217 414
445 153 863 205 ιυοιιαιιιιευοευουιε

148 283 309 372 κρατῆσαι
345 280 401 350 καὶ
438 286 675 349 πεντεκαίδεκα
711 280 878 369 μυριάδας
918 282 1161 369 ἐπιφερομένας

92 383 355 474 σττῦποστῆναις
383 383 488 456 πολλὰ
515 391 622 454 είπεῑν
641 390 726 473 ἔχων
754 392 801 454 ἔτι
828 387 903 476 περὶ
931 388 1081 474 ἐμαυτοῦ
1108 386 1161 455 καὶ

145 496 255 579 τοῦδε,
282 495 328 585 τῷ
356 490 401 580 μῆ
429 489 554 580 σχολῆν
582 490 676 577 ἀγειν
703 489 887 580 ῆκιστατὸ
915 494 1026 578 λέγειν
1055 494 1160 579 ἐξεμε-

146 602 274 687 λέτησα.
320 598 443 687 διόπερ
467 596 529 686 χρῆ
562 597 767 686 συγγνώμην
799 593 886 686 ῦμάς
918 603 1022 685 ἔχειν,
1057 599 1094 666 έκ
1126 597 1160 666 δὲ

146 708 214 773 τῶν
242 706 427 793 εἰρημένων
454 705 604 793 καὶπερὶ
630 707 699 772 των
715 702 763 792 μῆ
792 705 968 795 ῥηθέντων
994 701 1060 792 τῆν
1086 713 1183 792 ίσηνῡ

146 812 203 881 καὶ
231 816 364 879 δικαίαν
392 811 539 892 ἐξέτασιν
566 812 791 897 ποιουμένους
818 807 1021 880 ἀποδιδόναι
1050 838 1108 898 μοι
1126 807 1163 878 τδ

148 931 321 1005 πρωτεῖον.

231 1025 377 1091 Τοιαῦτα
409 1022 562 1103 εἰπόντος
592 1025 654 1090 τοῦ
681 1027 852 1111 Καίσαρος
883 1023 940 1090 καὶ
971 1023 1083 1108 λέγειν
1116 1029 1162 1091 ἔτι

148 1129 374 1216 βουλομένου,
401 1128 498 1216 μόγις
524 1129 580 1196 καὶ
607 1127 771 1218 πρότερον
798 1124 816 1196 ὁ
841 1125 1070 1217 Ἀλέξανδρος
1083 1156 1160 1217 καρ-

148 1238 254 1324 τερῶν
282 1230 393 1313 οῦκέτι
420 1234 588 1320 κατέσχεν,
616 1231 699 1303 ἀλλὰ
717 1233 798 1322 μετό
824 1260 917 1315 τινος
942 1236 1089 1323 ταραχῆς
1106 1235 1161 1304 καλ
1174 1255 1196 1294 1⁰

108 1349 131 1403 B
150 1336 307 1424 ἀγωνίας,
332 1336 414 1424 Ἐγώ
442 1341 491 1424 δέ,
519 1337 620 1426 εἶπεν,
648 1331 675 1408 ὦ
694 1343 762 1409 Ζεῦ
779 1340 835 1409 καὶ
852 1346 940 1427 θεοί,
958 1342 1054 1428 μέχρι
1073 1347 1164 1421 τίνος

149 1442 307 1531 ἀνέξομαι
334 1447 441 1533 σιωπῆ
472 1447 531 1532 τῆς
560 1443 773 1535 θρασύτητος
803 1448 861 1533 τῆς
894 1444 1034 1529 τούτους
1062 1448 1163 1536 πέρας

148 1549 213 1640 γάρ
250 1548 352 1621 οὐδέν
388 1553 492 1638 ἐστιν,
530 1547 576 1633 ὡς
612 1548 724 1640 δρᾶτε,
762 1549 838 1621 οῦτε
874 1554 942 1619 τῶν
974 1556 1022 1633 είς
1059 1549 1162 1620 αὑτὸν

149 1659 297 1726 ἐπαίνων
329 1654 406 1727 οότε
442 1660 510 1726 τῶν
542 1663 590 1738 είς
621 1656 677 1746 έμέ
713 1660 944 1746 βλασφημιῶν,
990 1660 1094 1746 έχρῆν
1125 1656 1161 1726 δὲ

28 1748 34 1758 ⁸
91 1769 96 1772 ’
150 1773 231 1845 ίσως
257 1764 398 1851 μάλιστα
431 1763 492 1852 μέν
520 1760 649 1851 ἀμφοῖν
681 1768 872 1850 φείδεσθαι·
900 1762 1049 1850 καὶγὰρ
1078 1761 1163 1832 εἶναί
1173 1781 1198 1821 1⁵

149 1896 219 1950 πως
246 1867 418 1960 ἀμφότερα
445 1873 538 1938 δοκεῖ
559 1875 798 1958 παραπλησίως
824 1871 967 1957 ἐπαχθῆ·
996 1873 1099 1939 πλέον
1125 1867 1159 1937 δὲ

149 1979 210 2044 τοῦ
242 1973 329 2065 τάμὰ
367 1975 540 2064 διασύρειν
572 1973 679 2056 ἄλλως
709 2001 744 2043 τε
779 1977 836 2044 καὶ
868 1973 1014 2064 μιμητὴν
1051 1973 1159 2044 αὐτῶν

110 2082 342 2170 Ογενόμενον.
379 2077 455 2151 ὅδὲ
478 2087 526 2163 είς
543 2084 643 2150 τοῦτο
671 2072 777 2168 ῆλθεν
804 2078 1056 2169 ἀναισχυντίας,
1081 2078 1160 2149 ωστε

149 2192 311 2286 τολμῆσαι
337 2186 378 2256 τὰ
405 2184 573 2277 ἀρχέτυπα
600 2191 774 2279 κωμωδεῖν
797 2190 864 2255 τῶν
892 2188 1016 2256 ἑαυτοῦ
1044 2193 1159 2277 ἔργων.

150 2297 251 2383 ἐχρῆν
270 2284 373 2379 δέ,
346 2320 372 2360 ω
391 2301 534 2383 Καισαρ,
544 2289 828 2421 ύπομνησθῆναί
852 2297 890 2362 σε
906 2295 975 2360 τῶν
1003 2293 1201 2420 δακρύωνθ

133 2401 302 2484 έκείνων,
335 2394 355 2466 ἀ
382 2398 455 2467 τότε
488 2396 635 2487 ἀφῆκας,
667 2395 881 2488 ἀκροώμενος
911 2394 991 2475 τ’ὦν
1013 2395 1160 2487 ὑπομνη-

69 2494 71 2497 ’
150 2504 273 2592 μα’των,
301 2501 365 2573 ὅσα
390 2511 567 2592 πεποίηται
594 2507 668 2594 περὶ
686 2508 755 2573 τῶν
783 2507 871 2593 έμῦν
889 2504 1051 2595 πράξεων.
1090 2501 1158 2574 ἀλλ’

151 2606 168 2679 ὁ
197 2610 372 2698 Πομπήιος
398 2612 498 2699 ἐπῆρε
530 2631 567 2679 σε
594 2609 675 2699 μετὰ
707 2613 824 2697 τοῦτο,
856 2613 1077 2692 κολακευθεὶς
1103 2610 1160 2699 μὲν

149 2715 239 2807 παρά
267 2720 335 2785 τῶν
353 2719 587 2786 πολιτῶντῶν
614 2719 748 2803 ἑαυτοῦ,
776 2716 957 2804 γενόμενος
983 2716 1023 2785 δέ
1052 2714 1161 2796 οὐδεὶς

106 2821 311 2912 Βούδαμοῦ.
356 2822 393 2892 τὸ
421 2822 482 2910 μέν
509 2821 573 2912 γὰρ
601 2820 665 2892 ἀπὸ
693 2822 823 2911 Λιβύης
848 2826 1093 2912 θριαμβεῦσαι,
1121 2818 1193 2891 οῦ25

150 2933 234 3018 μέγα
272 2936 391 3020 ἔργον,
428 2926 695 3016 ὀνομαστότατον
732 2931 887 3017 ἐποίησεν
924 2924 945 3016 ῆ
982 2932 1053 2998 τῶν
1090 2928 1160 2997 τότε

151 3033 287 3106 ῦκάτων
314 3041 466 3125 μαλακία.
507 3033 567 3102 τὸν
595 3033 756 3104 δουλικὸν
783 3034 821 3104 δέ
848 3037 978 3104 ἐκεῖνον
1005 3035 1159 3123 πόλεμον,

237 3245 269 3293 12
296 3239 346 3308 τῆς
364 3236 478 3306 τούτου]
501 3235 606 3292 τούτου
608 3241 727 3320 MAug.
814 3244 846 3291 13
873 3231 963 3292 ου’δδν
980 3239 1021 3308 Μ]
1047 3233 1161 3302 ούθὲνλ

151 3302 242 3363 αῦτόν
269 3311 339 3375 Aug.
345 3315 423 3388 pet.
510 3312 541 3359 17
568 3307 620 3360 τοῦ
647 3305 725 3374 Cob.]
753 3300 785 3359 τό
819 3308 823 3372 Ι
857 3300 892 3358 τά
913 3299 963 3371 ’μά
990 3310 1061 3397 Aug
1132 3291 1163 3358 18'

151 3376 248 3458 τοῦτο]
273 3375 409 3429 τοσοῦτον
433 3378 461 3426 in
483 3378 552 3441 Aug
571 3392 655 3442 supra
678 3377 817 3455 seriptum
831 3376 888 3427 alia
905 3391 987 3426 manu
1075 3378 1105 3425 21
1130 3366 1160 3438 α]

151 3434 190 3496 ὦν
216 3445 340 3496 MPabd
371 3443 376 3508 Ι
408 3436 471 3495 τότε
498 3444 630 3527 VMAug
658 3441 758 3509 cant]
779 3437 849 3496 τότε
874 3448 929 3508 μοί
958 3443 1056 3508 spanh.
1131 3445 1163 3492 24

147 3505 248 3575 ον’δελς
264 3509 467 3579 Heusingerus]
485 3503 588 3570 οόθείς
