2446 3870
130 171 195 238 262
381 242 384 247 ,
434 173 578 228 mmm
595 174 844 227 IMPERATORIS

131 330 192 372 τον
228 305 382 390 ἔπραξεν,
420 298 530 390 ὥσπερ
568 292 632 368 οὖν
667 303 839 387 λέγουσιν,
877 305 914 370 ἐν
950 298 1057 393 άγορᾷ
1093 304 1153 389 [οί

131 410 276 497 πολλοὶ],
303 407 363 478 τὸν
391 412 529 479 ἐκείνων
556 410 671 475 πατῶν
698 406 810 495 τύφον
833 410 948 494 ἐποίει,
976 409 1149 478 διδάσκων

132 513 270 603 αύτούς,
304 512 355 584 ὅτι
383 517 494 605 πολλῷ
523 512 714 642 φαυλότερον
746 515 801 584 καὶ
829 514 1039 602 χαλεπώτερα
1070 517 1148 584 τού-

131 649 199 690 των
228 622 470 750 ἐπιτηδεύουσι.
516 618 556 688 τὰ
584 619 645 708 μὲν
673 620 735 708 γάρ
755 623 846 689 ἐστιν
864 617 945 710 ἡμιν
963 624 1045 690 πᾶσι
1064 621 1147 690 κατά

45 718 47 722 ’
133 728 253 816 φύσιν,
285 727 326 797 τά
355 723 443 797 δέ
420 757 464 809 ως
497 733 574 807 έπος
606 732 712 795 εἰπεῖν
740 723 873 814 ούδενί,
904 728 1036 796 πάντα
1047 728 1084 797 δὲ
1113 731 1175 796 έκσ

133 838 339 924 διαστροφῆς
367 832 602 920 ἐπιτηδεύεται.
640 829 712 902 ἀλλ’
744 837 780 902 οί
794 836 861 904 νύν
879 837 940 903 τού
960 837 1150 922 Διογένους

134 943 273 1028 ζηλωταὶ
300 939 338 1010 τό
360 944 486 1032 ῥᾷστον
503 941 559 1009 καὶ
578 938 791 1026 κουφότατον
815 939 968 1027 ἑλόμενοι
984 939 1023 1008 τὸ
1043 957 1149 1026 κρεῖτ-

96 1057 192 1116 Βτον
220 1045 283 1117 οόκ
310 1046 416 1118 εἶδον·
446 1047 489 1115 σύ
516 1074 550 1114 τε
578 1048 717 1115 ἐκείνων
745 1045 832 1114 εἶναι
860 1046 1057 1135 σεμνότερος
1075 1049 1150 1115 έθέ-

132 1164 201 1224 λων
228 1152 467 1242 άπεπλανηθης
498 1155 663 1222 τοσούτου
694 1155 752 1240 της
780 1155 966 1239 Διογένους
993 1155 1150 1243 προαιρέ-

133 1281 231 1346 σεως,
260 1257 344 1329 ὥστε
372 1257 478 1330 αὐτὸν
511 1257 657 1328 ἐλεεινὸν
684 1259 848 1346 ἐνόμισας.
895 1265 926 1327 εί
953 1259 989 1329 δέ
1016 1258 1150 1341 τούτοις
1164 1283 1187 1321 1⁰

132 1366 194 1453 μὲν
221 1363 370 1454 ἠπίστεις
397 1361 482 1454 ὑπὲρ
511 1361 637 1453 ἀνδρὸς
663 1369 870 1453 λεγομένοις,
899 1362 940 1434 δν
968 1370 1004 1435 οί
1029 1365 1152 1447 πάντες

124 1469 282 1558 ’Έλληνες
308 1472 383 1541 τότε
412 1469 611 1559 ἐθαύμασαν
637 1468 718 1559 μετά
746 1471 909 1560 Σωκράτη
944 1474 999 1541 καὶ
1027 1481 1150 1542 Πυθα-

112 1576 238 1666 γόραν
271 1579 324 1647 ἐπὶ
351 1578 534 1662 Πλάτωνος
565 1580 621 1647 καὶ
646 1574 906 1668 Ἀριστοτέλους,
939 1570 983 1647 ού
1009 1581 1151 1666 γέγονεν

133 1681 297 1775 άκροατης
334 1681 352 1754 ὁ
393 1688 456 1754 τού
497 1685 778 1773 σωφρονεστάτου
819 1687 875 1757 καὶ
917 1685 1150 1754 συνετωτάτου

132 1790 292 1879 Ζήνωνος
328 1791 546 1881 καθηγεμύν,
589 1788 650 1875 ούς
687 1789 748 1862 ούκ
785 1789 874 1873 είκὸς
915 1783 958 1880 ἦν
1000 1789 1150 1873 ἅπαντας
1165 1811 1187 1852 15

133 1894 348 1987 άπατηθῆναι
381 1900 456 1987 περὶ
489 1895 614 1986 ἀνδρὸς
646 1896 733 1969 οὕτω
767 1898 917 1985 φαύλου,
951 1893 1070 1967 ὁποῖον
1108 1897 1151 1967 σὺ

80 2009 378 2140 νο3διακωμμδεῖς,
402 1997 428 2074 ὦ
447 2008 605 2094 βέλτιστε,
633 2015 713 2086 ίσως
731 2002 774 2073 ἄν
792 2031 823 2072 τι
842 2006 945 2074 πλέον
964 2005 1152 2092 έσκόπησας

132 2113 208 2199 περὶ
242 2109 349 2186 αύτοῦ
382 2113 437 2180 καὶ
469 2114 668 2201 πορρωτέρω
696 2113 864 2200 προηλθες
895 2113 953 2198 της
981 2113 1152 2200 ἐμπειρίας

132 2214 284 2306 τάνδρός.
335 2224 411 2286 τίνα
444 2216 507 2306 γὰρ
547 2214 609 2287 ούκ
643 2219 794 2305 ἐξέπληξε
832 2245 900 2285 των
927 2213 1148 2303 Ελληνων’
1130 2247 1149 2304 η

133 2326 322 2408 Διογένους
348 2330 515 2412 καρτερία,
543 2327 717 2412 βασιλικης
737 2320 799 2392 ούκ
823 2326 884 2406 ἔξω
903 2330 1153 2412 μεγαλοψυχίας
1167 2345 1192 2383 20

134 2419 238 2513 οὖσα,
266 2430 321 2497 καὶ
350 2435 546 2516 φιλοπονίας
581 2425 815 2500 έκάθευδεΓ
797 2457 883 2520 ανηρ
912 2431 965 2498 έπι
995 2430 1154 2516 στιβάδος

134 2536 171 2603 έν
207 2537 253 2626 τῷ
290 2540 382 2626 πίθω
425 2531 613 2623 βέλτιον
593 2566 613 2625 η
646 2539 748 2625 μέγας
784 2533 941 2624 βασιλεὺς
976 2531 1044 2604 ὑπὸ
1082 2551 1154 2616 τοῖς

134 2604 325 2728 ἐπιχρύσοις
354 2604 494 2733 όρόφοις
522 2645 559 2711 ἐν
585 2646 625 2733 τῇ
653 2648 809 2732 μαλθακῂ
837 2648 945 2730 κλίνη,
972 2638 1073 2729 ἤσθιε
1090 2636 1153 2730 τὴν

134 2750 239 2835 μάζαν
267 2744 367 2835 ἥδιον
393 2744 414 2837 ἢ
443 2746 487 2817 σύ
505 2752 572 2818 νῦν
598 2747 657 2830 τάς
675 2746 852 2830 Σικελικάς
879 2751 1005 2828 ἐσθίεις
1031 2751 1150 2835 τραπέ-

92 2862 116 2916 Β
136 2861 200 2940 ξας,
229 2854 361 2924 ε’λούετο
380 2858 495 2947 θερμῷ
514 2854 551 2924 τὸ
581 2859 675 2943 σῶμα
693 2853 777 2944 πρὸς
795 2853 855 2925 τὸν
873 2851 954 2944 άέρα
982 2855 1154 2942 ξηραίνων
1168 2874 1193 2914 2³

136 2957 211 3029 άντὶ
230 2965 299 3029 τῶν
318 2958 480 3049 ὀθονίων,
509 2957 559 3042 οἷς
584 2959 657 3053 (σὺ)
678 2959 859 3050 άπομάττη,
888 2959 1152 3048 φιλοσοφωτατε.

135 3067 226 3136 πάνυ
256 3090 310 3137 σοι
337 3067 497 3156 προσήκει
515 3072 689 3160 κωμῳδεῖν
707 3071 848 3153 ἐκεῖνον,
877 3064 928 3135 ότι
946 3066 1152 3155 κατειργάσω

203 3275 215 3323 1
231 3275 289 3325 et2
313 3268 343 3325 οἱ
360 3271 460 3325 πολλοὶ
479 3274 594 3325 inclusit
612 3275 652 3335 Η,
677 3275 737 3325 Pet
758 3290 811 3323 εοιι
832 3274 869 3324 sit
888 3267 1021 3352 λέγουσιν
1039 3266 1070 3324 οί
1086 3272 1155 3323 πολ

135 3337 179 3391 λολ
199 3333 342 3424 ἕναγορᾷ
412 3333 519 3407 λημῖν
538 3332 606 3408 V]
589 3339 672 3408 ημῶν
731 3275 880 3392 {oggm'
873 3339 942 3418 Ἠ]
953 3334 1063 3392 ούθενί
1123 3341 1155 3390 15

134 3398 185 3467 ούς
203 3407 241 3486 H]
260 3426 298 3468 ως
367 3412 399 3460 21
420 3409 578 3494 φιλοπονία
597 3405 671 3476 Pet]
691 3407 866 3484 φιλοπονίας
894 3407 898 3470 Ι
923 3399 1001 3476 άνηρ
1019 3403 1099 3474 Η]’
1081 3402 1155 3485 ανὴρ

133 3478 167 3523 24
182 3474 281 3541 μᾶζαν
299 3474 342 3556 Η]
357 3470 451 3543 μάζαν
466 3477 470 3542 Ι
486 3473 579 3541 ηδιων
598 3479 621 3530 V
691 3479 723 3527 26
742 3474 776 3527 αι)
796 3476 858 3527 αδδ.
870 3477 898 3526 H
913 3479 917 3540 ί
934 3471 1155 3540 φιλοσοφωτατε

120 3539 164 3604 V]
180 3537 426 3621 φιλοσοφώτερον
