2408 3856
134 165 176 228 10
437 163 580 215 IULIANI
602 161 850 214 IMPERATORIS

135 290 381 379 ἐπιγράμματος
409 288 551 374 ἐγάνυτο
579 289 681 356 πλέον
707 284 728 375 ή
757 291 825 356 τῶν
852 295 1017 376 μεγίστων
1044 292 1153 377 τιμῶν
1196 286 1202 307 ’“

96 395 298 478 Βάξιωθείς.
335 392 554 482 ἀμειβόμενος
573 393 610 462 δὲ
629 391 681 462 ἐπ’
712 391 797 482 αὐτή
815 392 877 482 τήν
894 395 1003 481 πόλιν,
1031 399 1153 483 πυρῶν
1194 396 1202 453 ὲ

110 497 316 591 ’μεδίμνους
352 505 472 568 δίδωσι
509 499 666 579 πολλάκις
708 506 850 589 μυρίους
886 497 967 569 καθ’
1007 503 1152 570 ἕκαστον

135 615 207 689 ἔτος
235 603 365 693 δωρεάν
392 608 617 695 καρποῦσθαι,
646 606 678 686 ἐξ
699 597 747 673 ῶν
765 601 891 694 ὑπήρχε
918 609 957 694 τή
975 606 1070 675 πόλει
1089 607 1152 694 μὲν

135 718 172 782 ἕν
201 710 368 801 ἀφθόνοις
395 709 498 797 εἶναι,
520 713 634 802 ἐκείνῳ
659 710 696 778 δὲ
719 717 848 781 ἔπαινοι
876 713 932 780 καὶ
950 713 1042 799 τιμαὶ
1060 701 1184 801 παρδίσ

135 822 204 887 τῶν
231 824 420 905 βελτίστων.

215 925 359 992 Πολλῶν
391 922 428 992 δὲ
456 923 511 991 καὶ
539 925 651 990 καλῶν
683 927 791 1012 ἔργων
822 926 869 1014 τῷ
902 925 1000 1013 πατρὶ
1027 926 1073 1013 τῷ
1102 927 1151 1014 σῷ

135 1032 366 1120 πραχθέντων,
394 1020 443 1096 ῶν
469 1055 505 1096 τε
533 1027 746 1116 ἐπεμνήσθην
774 1030 830 1096 καὶ
849 1025 912 1096 ὅσα
940 1026 996 1097 διά
1024 1025 1062 1096 τὸ
1090 1032 1151 1115 μή·

135 1164 193 1217 κος
219 1144 419 1226 παραλιπεῖν
446 1137 551 1221 δοκῶ,
583 1133 719 1203 πάντων
748 1131 886 1224 άριστον
914 1141 1017 1220 ἔγωγε
1044 1141 1152 1221 φαίην
1201 1204 1202 1208 ,

98 1240 190 1324 οάν,
218 1240 310 1328 οἶμαι
339 1238 376 1308 δὲ
403 1241 460 1308 καὶ
487 1238 566 1320 τοὺς
594 1236 715 1320 άλλους
743 1237 891 1321 ἅπαντας
919 1236 1151 1328 ὁμολογήσειν,
1166 1242 1203 1312 ιοὲ

135 1345 198 1434 τήν
230 1344 294 1434 σήν
331 1346 462 1430 γένεσιν
494 1346 550 1413 καί
586 1343 717 1435 τροφήν
748 1347 803 1414 καλ
840 1351 1008 1415 παιδείαν·
1047 1348 1080 1426 ἐξ
1113 1337 1152 1433 ἧς
1192 1403 1198 1419 ι

136 1448 276 1542 ὑπάρχει
309 1465 379 1531 τοῖς
410 1459 539 1531 λοιποῖς
567 1448 609 1519 οὐ
637 1448 674 1519 τὸ
702 1449 786 1542 πρὸς
818 1449 935 1538 ὀλίγον
962 1448 1151 1521 άπολαῦσαι
1196 1482 1203 1540 5³

135 1560 193 1645 τής
221 1556 357 1647 ἀρίστης
376 1553 488 1646 άρχής,
516 1553 583 1625 ἀλλ’
614 1552 658 1637 ῶς
677 1551 752 1627 οἷόν
769 1559 807 1626 ιε’
828 1560 917 1626 ε’στιυ
941 1563 987 1639 είς
1013 1564 1151 1626 πλείονα
1188 1546 1203 1601 s?

136 1662 269 1753 χρόνον.
298 1669 393 1732 δοκεῖ
416 1665 502 1748 γοῦν
530 1660 643 1752 άρχειν
671 1664 796 1744 ἐκεῖνος
824 1664 931 1732 εἰσέτι.
967 1664 1024 1732 καὶ
1047 1663 1150 1753 Κόρφ

136 1768 197 1856 μὲν
230 1765 292 1856 οὐχ
323 1764 451 1857 ὑπήρχε
483 1771 592 1836 τοῦτο.
637 1768 894 1857 τελευτήσαντος
925 1767 989 1859 γάρ
1023 1765 1041 1837 ό
1074 1784 1151 1850 παῖς
1163 1794 1191 1852 α,

137 1871 240 1962 ῶφθη
259 1877 374 1966 μακρῷ
403 1873 618 1964 φαυλότερος,
647 1871 729 1943 ῶστε
750 1871 767 1943 ὁ
787 1875 848 1963 μὲν
867 1878 1013 1945 ἐκαλεῖτο
1032 1875 1150 1963 πατήρ,
1187 1908 1198 1919 ,

92 1976 156 2060 Βδ
190 1980 227 2050 δὲ
259 1980 483 2069 ἐπωνομάσθη
517 1979 687 2068 δεσπότης.
734 1980 771 2049 σὲ
804 1981 841 2050 δὲ
872 1980 1059 2071 πραότερον
1091 1981 1130 2069 μὲ
1189 2047 1191 2049 ,

135 2091 197 2155 τοῦ
225 2086 350 2176 πατρὸς
381 2088 437 2155 καὶ
465 2089 502 2154 ἐν
529 2084 642 2167 άλλοις
674 2095 809 2167 πολλοῖς
835 2093 1007 2176 κρείττονα
1035 2089 1151 2174 σαφῶς

137 2184 182 2258 εδ
207 2191 299 2277 οῖδα,
330 2193 387 2259 καλ
420 2191 560 2277 δηλώσω
592 2194 655 2260 τοῦ
685 2194 805 2278 καιροῦ
838 2195 1004 2280 φανέντος
1036 2194 1073 2260 ἐν
1105 2194 1150 2283 τῷ
1194 2245 1200 2267 2

136 2294 233 2387 λόγφ.
276 2298 390 2386 ἐκείνῳ
419 2294 456 2363 δὲ
483 2295 664 2386 προσήκειν
681 2297 738 2364 καὶ
764 2298 887 2368 τούτου
905 2304 1027 2386 νομίζω
1055 2324 1151 2386 μετα·
1164 2325 1198 2388 η

137 2400 232 2469 δόντι
260 2421 314 2470 σοι
345 2403 404 2487 τής
431 2397 568 2490 άρίστης
595 2404 738 2491 τροφής,
771 2399 855 2493 ὑπὲρ
882 2397 922 2492 ής
948 2402 1013 2492 ήδη
1042 2406 1152 2489 λέγειν
1201 2460 1204 2473 ι

136 2507 349 2596 πειράσομαι,
382 2505 505 2595 μητρὸς
536 2509 593 2576 καὶ
626 2504 783 2596 άδελφῶν
815 2513 882 2578 τῶν
916 2513 986 2578 σῶν
1014 2511 1150 2597 ἐπιμνη-

136 2618 240 2692 σθείς.
285 2615 325 2701 τή
357 2611 418 2700 μὲν
450 2611 514 2703 γάρ
539 2611 717 2700 εὐγενείας
749 2619 911 2685 τοσοῦτον
943 2618 1063 2705 περιήν
1095 2616 1152 2684 καὶ
1195 2631 1202 2700 j

135 2717 277 2798 κάλλους
304 2716 455 2805 σώματος
481 2721 536 2788 καλ
555 2719 689 2810 τρόπων
717 2719 843 2812 άρετής,
873 2719 954 2790 ὅσον
979 2718 1041 2790 οὐκ
1069 2719 1151 2809 άλλη

135 2825 269 2909 γυναικὶ
306 2827 431 2914 ῥᾳδίως
467 2823 511 2893 άυ
542 2852 591 2906 τις
628 2827 764 2916 ἐξεύροι.
815 2829 884 2895 ἐπεὶ
920 2828 976 2895 καὶ
1008 2829 1152 2917 Περσῶν
1166 2851 1189 2897 ει

93 2927 248 3009 ράκοόω
276 2928 337 2998 τὸν
368 2927 452 3020 ὑπὲρ
480 2931 716 3021 Παρυσάτιδος
748 2931 866 3018 λόγον,
900 2930 950 3001 ὅτι
983 2932 1069 3020 μόνη
1098 2935 1152 3019 γε’-

135 3063 236 3122 γονεν
264 3032 392 3124 άδελφή
420 3038 476 3105 καὶ
504 3038 611 3127 μήτηρ
638 3039 694 3106 καὶ
713 3037 836 3125 γαμετή
864 3039 919 3107 καλ
948 3053 1026 3119 παῖς
1055 3045 1151 3124 βασι-

135 3144 225 3223 λέως.
271 3138 343 3210 ἀλλ’
378 3134 421 3230 ήν
453 3169 490 3228 γε
528 3140 611 3230 αὕτη
644 3145 705 3210 τοῦ
737 3143 904 3231 γήμαντος
941 3141 1070 3231 ἀδελφή
1099 3147 1151 3233 τή

203 3277 217 3324 1
236 3271 357 3357 ἐγάνυτο
375 3274 497 3342 Schaef.]
518 3267 659 3356 εἠάννυτο
712 3279 727 3327 2
746 3268 821 3341 αότή
839 3275 909 3344 VM]
931 3271 1010 3348 αότῷ
1063 3281 1080 3330 8
1099 3274 1151 3329 διά

134 3340 169 3408 V]
181 3357 261 3409 παρα
312 3346 328 3394 9
346 3345 522 3410 παραλιπεῖν
535 3360 572 3393 αν
585 3342 678 3398 δοκῶῖ
693 3342 697 3408 Ι
714 3339 802 3410 ἔγωγε
816 3346 879 3396 add.
892 3349 917 3397 V
969 3349 1001 3397 13
1018 3343 1152 3404 πλείονα]

135 3411 286 3460 πλεῖστονῖ
364 3414 396 3461 14
422 3401 523 3476 άρχειν
546 3403 657 3471 ἐκεῖνος
677 3408 715 3478 V]
746 3404 856 3472 ἐκεῖνος
883 3405 985 3478 άρχειν
1058 3416 1090 3463 19
1119 3429 1153 3466 ευ

135 3476 208 3526 delet
225 3479 328 3541 wytt„
353 3472 453 3542 ἔξοιδα
476 3478 592 3530 volebat
615 3477 724 3529 Schaef.
760 3478 814 3529 Sed
836 3482 892 3531 vid.
912 3481 985 3530 idem
1007 3481 1043 3531 ad
1067 3479 1150 3546 Soph.

136 3541 203 3593 Oed.
225 3544 257 3594 Ο.
275 3544 325 3594 958
377 3547 410 3596 25
428 3542 547 3611 Περσῶν
566 3542 603 3611 V]
623 3545 679 3598 τῶν
698 3544 816 3612 Περσῶν
863 3550 895 3599 28
914 3537 989 3614 αὕτη
1007 3545 1044 3612 Η]
1064 3540 1140 3614 αότή
