2416 3864
471 135 607 188 οιιισιο
626 138 688 188 vn.
823 150 826 153 >
1015 135 1080 201 279

61 267 247 351 σκοπῶμεν.
290 272 369 344 ἴσως
397 261 434 331 δὲ
461 258 588 350 ἡγεῖται
615 263 671 331 καί
699 262 820 351 ταύτης
847 267 905 350 τῆς
932 267 1078 356 ἐγχειρή-

61 391 147 451 σεως
174 372 294 456 ἐκείνη,
322 364 423 460 ὁποίᾳ
441 371 713 461 τινίφιλοσοφίηι
731 373 902 459 προσηκον
929 367 1078 459 ἡμνθο-

60 482 198 566 γραφία.
246 481 426 563 φαίνονται
458 473 523 563 γάρ
550 477 668 544 πολλοὶ
700 477 755 544 καὶ
783 479 851 545 των
879 478 1079 565 φιλοσόφων

60 580 143 652 αὐτὸ
171 584 228 650 καὶ
254 585 323 650 τῶν
349 580 526 667 θεολόγων
553 579 766 668 ποιησόντες,
799 579 910 668 ὥσπερ
936 580 1078 675 Ὀρφεύς
1195 668 1200 671 ἡ

31 689 122 778 5μδν
151 685 169 757 ὁ
197 687 417 769 παλαιότατος
444 688 571 768 ἐνθέως
598 687 846 776 φιλοσοφήσας,
879 685 941 757 ούκ
970 687 1077 778 ὀλίγοι

60 796 98 865 δὲ
125 796 181 864 καλ
209 797 276 863 τῶν
303 790 374 882 μετ’
405 797 547 863 ἐκεῖνον·
576 790 616 861 ού
642 791 709 882 μὴν
737 792 1111 883 ἀλλάκαλέενοφύνο

58 909 217 989 φαίνεται
234 903 291 969 καὶ
307 897 521 987 Ἀντισθένης
539 901 594 967 καὶ
613 899 757 969 Πλάτων
785 903 1075 991 προσχρησάμενοι

57 1009 229 1094 πολλαχοῦ
260 1021 330 1088 τοῖς
361 1007 499 1094 μύθοις,
533 1001 622 1073 ὥσθ’
648 1002 728 1093 ἡμῖν
760 1004 926 1095 πέφηνεν,
959 1016 990 1078 εί
1019 1011 1075 1078 καὶ

58 1112 103 1202 μὴ
136 1116 183 1206 τῷ
216 1116 369 1206 Κννικῷ,
407 1111 590 1203 φιλοσόφῳ
617 1115 703 1200 γοῦν
738 1140 805 1182 τινι
835 1115 1017 1203 προσήκειν
1054 1112 1075 1204 ἡ

16 1254 44 1294 10
57 1225 289 1309 μνθογραφία.
334 1217 436 1307 μικρὰ
468 1209 537 1288 οὖν
564 1213 647 1308 ὑπὲρ
679 1223 749 1288 τῶν
779 1223 838 1307 τῆς
870 1229 1074 1310 φιλοσοφίας

57 1336 123 1396 εἴτε
151 1332 279 1413 μορίων
298 1334 363 1393 είτε
391 1321 546 1415 όργύνων
575 1377 693 1393 ......
703 1347 710 1360 ·
739 1331 808 1394 ἔστι
836 1325 900 1417 γάρ
929 1326 971 1397 ού
990 1330 1074 1416 μέγα

56 1431 94 1501 τὸ
123 1433 289 1521 διαφέρον
317 1427 483 1520 ὁποτέρως
515 1427 558 1499 ἀν
584 1456 635 1512 τις
666 1435 712 1524 τῷ
739 1459 775 1500 τε
807 1429 916 1526 ἠθικῷ
944 1437 999 1503 καὶ
1027 1438 1073 1527 τῷ

57 1541 190 1630 φνσικῷ
238 1535 275 1607 τό
318 1536 453 1625 λογικὸν
498 1542 732 1626 προσαριθμῇ·
778 1534 964 1625 ἀναγκαῖον
1009 1540 1116 1628 γάρΙ)

56 1641 181 1732 δμοίως
212 1650 368 1730 φαίνεται
399 1639 471 1712 κατ’
507 1641 686 1732 ἀμφότερα.
732 1647 836 1732 τριῶν
869 1644 911 1732 δὴ
944 1647 1073 1716 τούτων

14 1783 42 1824 15
57 1742 160 1832 αὖθις
198 1752 339 1819 ἕκαστον
372 1755 419 1831 είς
450 1754 526 1838 τρία
557 1751 723 1837 τέμνεται,
759 1747 796 1817 τὸ
831 1751 892 1837 μὲν
925 1752 1073 1844 φνσικδν

57 1863 106 1938 είς
140 1854 178 1925 τὸ
211 1854 413 1943 θεολογικόν
444 1857 500 1924 καὶ
535 1854 574 1923 τὸ
611 1857 686 1945 περὶ
722 1854 763 1924 τά
799 1855 981 1945 μαθήματα
1017 1861 1073 1927 καὶ

55 1969 170 2050 τρίτον
196 1961 233 2031 τὸ
262 1964 337 2053 περὶ
360 1960 423 2049 τὴν
449 1963 517 2030 τῶν
540 1964 728 2049 γινομένων
754 1963 810 2030 καὶ
833 1959 1073 2051 ἀπολλυμένων

54 2071 110 2139 καλ
149 2072 219 2137 τῶν
252 2066 372 2138 ἀιδίων
409 2069 485 2156 μέν,
515 2066 687 2156 Ισωμάτων
719 2067 756 2136 δὲ
788 2065 877 2156 ὅμως
912 2077 1072 2159 θεωρίαν,

54 2182 90 2244 τί
118 2173 156 2245 τὸ
190 2173 277 2243 εἶναι
309 2172 424 2256 αὐτοῖς
455 2175 511 2242 καὶ
543 2180 593 2255 τίς
625 2170 646 2263 ἡ
680 2171 779 2243 ούσία
817 2173 973 2243 ἑκάστου·
1010 2179 1071 2244 τοτ’

11 2313 40 2352 εο
54 2284 240 2370 πρακτικοῦ
268 2280 306 2349 δὲ
332 2279 370 2349 τὸ
399 2280 460 2368 μὲν
479 2279 562 2370 πρὸς
589 2283 649 2348 ἕνα
672 2278 792 2370 ἀνδρα,
819 2277 952 2369 ἠθικόν,
982 2288 1070 2350 οἰκο-

54 2386 198 2476 νομικὸν
231 2386 268 2455 δὲ
299 2384 336 2456 τό
371 2387 446 2476 περὶ
483 2392 564 2474 μίαν
596 2392 722 2474 οίκίαν,
758 2385 931 2457 πολιτικὸν
964 2389 1001 2457 δέ
1033 2387 1070 2458 τὸ

53 2495 129 2583 περὶ
157 2493 267 2564 πόλιν·
296 2499 343 2561 ἔτι
361 2495 474 2580 μέντοι
492 2495 555 2562 τού
582 2497 721 2580 λογικοῦ
738 2492 776 2564 τὸ
796 2492 857 2582 μὲν
884 2490 1071 2564 ἀποδεικτι-

53 2599 115 2669 κδν
144 2597 202 2668 διά
228 2603 296 2668 των
324 2596 479 2687 ἀληθῶν,
506 2598 544 2668 τὸ
573 2599 610 2668 δὲ
638 2599 694 2669 διά
722 2603 790 2669 τῶν
818 2600 965 2682 ἐνδόξων
993 2608 1123 2688 δια-216

54 2705 184 2793 στικόν,
217 2704 254 2775 τὸ
283 2705 320 2774 δὲ
353 2703 409 2774 διά
436 2708 504 2773 τῶν
537 2708 753 2794 φαινομένων
785 2706 933 2787 ἐνδόξων
965 2733 1070 2796 παρα-

10 2841 40 2882 25
54 2811 253 2898 λογιστικόν.
291 2809 400 2880 όντων
423 2810 465 2900 δὴ
493 2812 665 2882 τοσούτων
684 2814 753 2879 τῶν
779 2815 839 2898 της
866 2820 1069 2899 φιλοσοφίας

121 3037 138 3084 2
161 3033 306 3101 προσῆκον
324 3031 363 3100 H]
383 3031 577 3101 προσῆκενν,
600 3029 738 3100 προσήκει
757 3035 823 3086 Oob.
848 3033 904 3084 vid.
926 3032 961 3082 ad
984 3035 1069 3084 128ss

53 3103 69 3152 5
88 3097 141 3153 ούκ
160 3094 253 3220 όλίροι
270 3100 304 3168 V]
324 3095 418 3179 όλίγοι
504 3097 759 3181 θωλθπέφηνεν,
785 3097 812 3152 εί
833 3097 883 3150 κοιλ
901 3093 939 3166 μὴ
959 3098 996 3165 Η]
1020 3097 1071 3152 πὲ·

53 3185 143 3236 φηνε,
168 3185 207 3220 κα
244 3164 271 3221 εί
293 3186 332 3236 μη
422 3172 452 3218 11
477 3170 571 3235 „Post
593 3164 724 3236 οργύνων
747 3169 861 3220 verbum
884 3167 977 3232 deest,
1001 3183 1025 3220 e,
1045 3185 1068 3222 c.

52 3235 229 3301 προρρητέον
247 3242 296 3287 aut
313 3233 527 3304 προεξηγητέον
544 3238 589 3288 vel
608 3238 697 3287 simile
716 3236 809 3300 quid.“
832 3235 900 3287 Rsk.
936 3235 1070 3286 Lacunae

52 3305 138 3368 igitur
161 3305 271 3370 signum
293 3307 436 3369 posuimus
523 3309 555 3356 12
577 3303 615 3372 τῷ
634 3321 665 3356 τε
684 3295 797 3372 ἠθικῷ]
821 3301 859 3372 τῷ
878 3301 1025 3366 πρακτικῶ
1042 3304 1071 3352 Η

53 3374 86 3422 17
104 3371 199 3436 τρίτον
219 3368 251 3423 τὸ
269 3371 305 3439 Η]
324 3367 356 3424 τό
374 3371 470 3439 τρίτον
488 3389 519 3435 v,
539 3365 571 3423 τὸ
591 3372 702 3435 τρίτον,
721 3368 753 3423 τὸ
771 3371 842 3450 Rsk²
873 3368 877 3435 Ι
909 3353 1070 3446 γινομένων

52 3435 89 3506 V]
109 3438 299 3506 γιγνομένων
357 3443 389 3491 19
413 3441 508 3505 „Post
532 3435 608 3492 εἶναι
630 3440 740 3492 videtur
763 3439 895 3490 καθολον
913 3443 962 3488 aut
979 3453 1070 3490 παοιν

53 3506 180 3559 δοοαιοί·
199 3507 265 3558 Rsk.
335 3511 367 3558 22
385 3505 495 3573 μέντοι]
514 3503 569 3573 μὲν
587 3512 642 3574 μοί
