2436 3870
232 169 411 221 EPISTOLA
430 169 478 219 ιο
498 169 525 220 s,
544 172 575 221 P.
595 170 628 232 ο.
646 156 919 223 ATHENIENSEM.
1031 173 1095 239 359

77 297 203 386 κύριος.
249 297 282 376 ἐξ
316 286 364 364 ῶν
397 291 415 363 6
443 296 679 378 Κωνστάντιος
716 304 857 386 νομίσας
894 296 995 391 όλίγφ
1032 301 1094 389 μέν

79 401 271 487 ἐπιδώσειν,
299 397 363 470 ούκ
390 406 438 481 είς
465 403 629 471 τοσοῦτον
657 401 694 472 δὲ
726 406 909 492 μεταβολῆς
935 401 1027 493 ἥξειν
1053 407 1094 475 τὰ

77 512 147 577 τῶν
165 509 301 577 Κελτῶν
327 505 513 596 πράγματα,
542 512 666 577 δίδωσί
690 536 746 598 μοι
764 513 833 578 τῶν
861 513 1094 600 στρατοπέδων

78 611 139 702 τῆν
166 609 350 702 ῆγεμονίαν
376 604 459 701 ῆρος
486 609 579 703 άρχῆ.
623 615 679 683 καὶ
708 614 874 704 στρατεύω
902 615 963 704 μὲν
991 614 1094 704 άκμά·

56 728 195 802 εζοντος
220 722 283 788 τού
311 725 418 805 σίτου,
445 721 579 788 πολλῶν
606 719 696 789 πάνυ
725 725 907 810 Γερμανῶν
933 724 1008 851 περὶ
1035 721 1094 805 τάς

77 828 336 957 πεπορθημένας
363 827 401 893 ἐν
418 832 557 905 Κελτοῖς
575 824 686 906 πόλεις
709 823 816 908 άδεῶς
833 828 1088 898 κατοικούντων.
1093 847 1146 896 279

78 930 114 1001 τὸ
145 922 267 1019 μ’ἐν
226 948 290 999 ουν
307 932 437 1018 πλῆθος
463 933 532 998 τῶν
550 931 680 1000 πόλεων
698 933 796 1001 πέντε
814 958 881 1002 που
904 934 959 1002 καὶ
977 955 1093 1003 τεσσα-

79 1037 225 1127 ράκοντα
216 1035 324 1123 ’έστι,
346 1033 489 1124 τείχη
455 1063 496 1103 τα
515 1028 746 1127 διηρπασμένα
770 1043 848 1126 δίχα
865 1043 934 1108 τῶν
952 1039 1092 1131 πύργων

79 1145 134 1212 καὶ
162 1145 231 1211 τῶν
259 1141 452 1211 ἐλασσόνων
471 1148 655 1233 φρουρίων.
695 1135 735 1232 ῆς
763 1141 828 1235 (δ’)
857 1147 1075 1274 ἐνέμοντο
1033 1174 1094 1233 γης

41 1279 65 1319 10
80 1250 133 1319 ἐπὶ
160 1249 239 1317 τάδε
266 1251 327 1317 τού
351 1243 472 1337 Ῥήνου
498 1248 607 1336 πάσης
634 1253 670 1318 οι
694 1250 859 1380 βάρβαροι
886 1250 924 1320 τὸ
953 1255 1095 1340 μέγεθος

73 1351 209 1425 ὁπόσον
236 1351 301 1422 άπὸ
333 1357 403 1422 τῶν
429 1357 548 1442 πηχῶν
579 1353 693 1425 αὐτῶν
720 1355 904 1448 ἀρχόμενος
931 1355 1006 1447 άχρι
1033 1361 1094 1427 τού

76 1459 240 1530 Ὠκεανοῦ
277 1461 533 1548 περιλαμβάνει·
574 1462 747 1550 τριακόσια
785 1462 822 1531 δέ
859 1461 997 1553 ἀπεῖχον
1036 1467 1096 1552 τῆς

78 1564 182 1657 ῆόνος
218 1567 280 1636 τοῦ
308 1562 428 1654 P6606
466 1565 585 1636 στάδια
621 1571 662 1636 'os
686 1567 769 1657 πρὸς
804 1565 889 1657 ῆμάς
925 1573 1096 1650 οίκούντες

76 1678 224 1761 ἔσχατοι,
251 1671 449 1770 τριπλάσιον
468 1662 545 1740 δὲ
523 1700 568 1761 ην
586 1677 634 1740 ἔτι
650 1670 774 1742 τούτου
797 1674 920 1755 πλάτος
937 1673 975 1744 τὸ
995 1696 1093 1744 κατα-
1109 1689 1131 1743 Β

38 1807 66 1848 τε
79 1772 221 1867 λειφθὲν
239 1783 364 1867 ἔρημον
382 1772 448 1847 ὑπὸ
475 1779 533 1866 τῆς
551 1784 737 1865 λεηλασίας,
766 1785 850 1848 ἔνθα
874 1776 954 1848 ούδέ
982 1781 1095 1868 νέμειν

80 1886 158 1973 ἐξῆν
194 1899 264 1964 τοῖς
297 1889 435 1964 Κελτοῖς
471 1883 512 1951 τά
539 1883 747 1971 βοσκήματα,
780 1886 836 1952 καί
868 1885 980 1966 πόλεις
1007 1884 1096 1967 τινὲς

79 1997 198 2080 ἔρημοι
238 1992 306 2059 τῶν
343 1989 578 2074 ἐνοικούντων,
621 1985 673 2070 αἷς
711 1987 804 2060 ούπω
841 1990 1024 2082 παρῴκονν
1063 1995 1098 2059 οί

80 2095 256 2187 βάρβαροι.
303 2097 340 2164 έν
375 2094 507 2176 τούτοις
544 2087 651 2164 οὖσαν
687 2094 886 2184 καταλαβῶν
927 2094 991 2183 έγῶ
1033 2095 1095 2185 τῆν

81 2200 252 2272 Γαλατίαν
278 2201 377 2270 πόλιν
399 2227 434 2270 τε
453 2198 620 2288 άνέλαβον
646 2198 709 2289 τῆν
733 2198 951 2291 Ἀχριππίναν
978 2203 1031 2271 ἐπὶ
1049 2205 1095 2294 τῶ

35 2305 200 2401 εοῬῆνφ,
231 2306 296 2397 πρὸ
330 2309 448 2395 μηνῶν
480 2307 666 2375 ἑαλωκυῖάν
692 2333 759 2377 που
787 2309 882 2396 δέκα,
909 2309 964 2378 καὶ
991 2322 1097 2395 τεῖχος

78 2411 279 2505 Ἀρχέντορα
305 2406 460 2501 πλησίοῇ
475 2411 559 2502 πρὸς
590 2427 662 2494 ταῖς
693 2409 874 2503 ὑπωρείαις
901 2412 1008 2484 αύτού
1034 2417 1097 2484 τού

80 2523 246 2607 Βοσένου,
273 2521 329 2588 ’καὶ
356 2519 565 2607 ἐμαχεσάμην
593 2516 671 2608 (ούκ
689 2517 840 2610 ἀκλεῶς),
869 2530 949 2602 ἴσως
972 2523 1027 2590 καὶ
1050 2527 1132 2602 είςῦ

79 2623 169 2714 ’ὑμᾶς
198 2623 336 2713 ιἰφίκετο
363 2621 384 2713 6
411 2623 548 2712 τοιαύτη
577 2624 673 2713 μάχη.
709 2632 795 2695 ἔνθα
813 2630 882 2695 τῶν
908 2630 1001 2696 θεῶν
1020 2627 1096 2696 δόν-

81 2757 151 2800 των
178 2745 234 2820 μοι
262 2729 323 2801 τόν
350 2731 488 2820 βασιλέα
506 2733 574 2799 τῶν
591 2738 759 2819 πολεμίων
787 2731 1007 2819 αἰχμάλωτον,
1035 2730 1098 2800 ούκ

39 2862 69 2903 ετ
84 2837 261 2926 ἐφθόνησα
289 2840 351 2906 τοῦ
377 2835 637 2926 κατορθώματος
656 2843 891 2928 Κωνσταντίφ.
936 2844 1044 2906 καίτοι
1068 2843 1100 2905 εί

82 2942 126 3032 μῆ
170 2943 392 3033 θριαμβεύειν
433 2943 529 3030 ἐξῆν,
571 2939 797 3030 ἀποσφάττειν
837 2941 899 3011 τὸν
938 2944 1098 3029 πολέμιον

154 3186 236 3246 Ιόλί
233 3192 284 3261 γῳ]
305 3187 427 3313 όλίχονθ
496 3185 579 3259 8τά]
599 3208 629 3244 τε
648 3192 715 3248 Rsk
784 3182 848 3243 96'
869 3191 933 3242 εδδ.
952 3192 1013 3242 Pet
1066 3194 1099 3243 10

81 3253 131 3315 ἐπὶ
151 3255 223 3314 τάδε
233 3211 309 3343 1566]
328 3255 449 3313 ἐπίταδε
466 3262 499 3325 V,
524 3253 624 3311 ἐπείτοι
642 3254 676 3312 δὲ
693 3263 750 3325 pet.
836 3250 905 3308 13³
887 3251 975 3338 66666
994 3251 1097 3325 H]6'6'·

82 3325 150 3389 όνος
237 3333 268 3378 ‘21
290 3321 458 3393 Ἀρχέντορα
464 3299 549 3447 gPeh]
567 3316 716 3409 Ἀγέντοροι
738 3341 769 3389 v,
792 3317 1007 3391 Ἀρηεντόρατον
1030 3325 1098 3376 Cob

81 3399 116 3447 22
139 3393 265 3462 Βοσέηου
288 3393 361 3461 Pet]
384 3393 477 3476 Βορσέ
478 3411 531 3460 χον
563 3394 568 3457 1
600 3410 654 3445 ουκ
677 3363 799 3455 αιιλεῶς,
827 3393 894 3453 ίοως
918 3390 969 3444 καλ
992 3393 1097 3458 ερεοὴ,

81 3461 112 3514 in
136 3471 193 3549 pet
217 3468 260 3514 est
283 3465 400 3527 lacuna,
427 3463 456 3513 in
479 3464 504 3513 V
530 3477 644 3527 perrona
670 3462 767 3512 charta
793 3469 900 3512 certum
923 3465 1030 3512 tantum
1055 3466 1098 3512 est

108 3529 189 3596 ..ος,
208 3532 278 3581 satis
297 3537 374 3582 certa
391 3530 511 3595 vestigia
528 3530 672 3580 verborum
693 3529 759 3588 ἴσως
777 3525 827 3580 κοιλ
