2446 3870
486 145 625 198 οεουιο
644 146 680 197 11.
1026 144 1085 210 101

65 275 121 344 καὶ
150 269 261 353 άλλως
295 277 377 359 ἔχει,
409 268 642 359 ἀγνοούμενον
673 270 757 361 πρὸς
789 267 885 359 ὑμῶν
913 269 979 362 ὅπη
1005 272 1087 343 ποτὲ

66 377 109 449 ἀν
136 376 255 469 ὀρθῶς
283 385 442 465 γίγνοιτο.
483 378 553 447 ἐπεὶ
571 379 627 446 καὶ
645 376 706 448 τὸν
722 375 904 467 Ἀθηναῖον
923 378 1087 468 ἐνενόησα
1180 453 1186 459 ,

67 484 247 575 Σωκράτη·
277 494 346 553 ίστε
374 483 411 553 δὲ
438 480 533 573 ὑμεῖς
560 481 645 574 ἀκοῄ
671 483 731 554 τὸν
759 482 868 576 ἀνδρα
895 487 952 554 καί
979 483 1016 553 τὸ
1037 483 1083 554 ἐπ’
1105 517 1140 570 ης

67 591 159 685 αύτῷ
187 592 285 673 κλέος
311 593 369 679 της
396 597 519 679 σοφίας
545 588 636 682 παρά
662 594 721 680 της
743 597 880 673 Πυθίας
907 593 1086 680 ἐκβοηθέν·

41 697 107 769 ὅσι’
135 700 246 767 ταῦτα
274 694 542 786 εὐδαιμονοῦντα
561 694 641 766 οὐδὲ
669 694 872 786 εὐδαίμονας
898 700 955 768 καὶ
983 726 1087 786 μακα-

66 813 165 895 ρίους
194 800 427 892 ὁμολογοῦντα
453 804 533 884 τοὺς
563 803 690 892 πολλὴν
717 805 937 893 κεκτημένους
963 804 1088 894 χάραν,

65 921 206 981 πλείστα
234 908 267 978 δ’
298 916 383 998 ἔθνη
415 911 472 979 καί
500 913 537 979 ἐν
569 906 685 991 αὐτοῖς
711 908 857 991 πολλούς
888 910 950 999 μὲν
974 907 1087 999 Ἑλλῄ-

6 1038 7 1086 λ
65 1046 148 1105 νων,
178 1023 315 1098 πλείους
342 1016 379 1085 δὲ
412 1022 459 1084 ἔτι
486 1018 543 1085 καὶ
570 1022 702 1105 μείζους
733 1017 915 1107 βαρβάρων
942 1019 998 1086 καὶ
1024 1017 1086 1088 τὸν

58 1122 154 1194 Ἄθω
175 1121 364 1213 διορύττειν
393 1124 605 1211 δυναμένους
627 1124 683 1191 καὶ
703 1127 819 1214 σχεδία
837 1121 896 1205 τάς
915 1120 1086 1214 ἠπείρους,

33 1253 55 1292 1⁰
67 1228 208 1301 ε’πειδάν
240 1231 382 1298 ἐθέλωσι
415 1235 618 1326 διαβαίνειν,
652 1230 883 1312 συνάπτοντας
910 1232 966 1300 καὶ
1000 1237 1085 1319 ἔθνη

66 1337 401 1425 καταστρεφομένους
432 1336 488 1404 καὶ
520 1339 701 1424 αίρούντας
731 1336 858 1425 νήσους
893 1339 950 1406 καὶ
982 1358 1126 1426 σαγη-Β

67 1444 231 1523 νεύοντας
258 1443 314 1511 καὶ
337 1445 530 1529 ,λιβανωτοῦ
557 1448 645 1529 χίλια
672 1442 818 1511 τάλαντα
844 1444 1086 1526 καταθύοντας.

69 1549 146 1619 ούτε
185 1539 250 1618 οὖν
282 1549 409 1639 Ξέρξην
446 1550 572 1628 ἐκεῖνος
608 1547 721 1637 ἐπῄνει
757 1549 838 1618 ποτὲ
875 1547 952 1619 ου”τε
984 1548 1086 1620 ἀλλον

68 1654 141 1725 τινά
170 1657 315 1743 Περσων
342 1650 362 1741 ἢ
390 1657 518 1723 Λυδῶν
545 1650 565 1742 ῄ
594 1654 806 1725 Μακεδόνων
833 1658 982 1744 βασιλέα,
1011 1654 1083 1725 ἀλλ’

6 1763 10 1848 g
37 1760 150 1831 σούδέ
187 1757 357 1848 Ἑλλῄνων
398 1760 599 1849 στρατηγόν,
639 1760 727 1848 πλὴν
768 1762 903 1852 σφόδρα
952 1760 1086 1849 ὀλίγων,

6 1857 26 1873 δ’
70 1864 217 1948 ὁπόσους
244 1864 404 1954 ἠπίστατο
423 1872 602 1957 χαίροντας
629 1864 729 1957 ἀρετῇ
753 1871 809 1936 καὶ
837 1865 1086 1956 ἀσπαζομένους

17 2044 19 2060 Ἰ,
70 1971 232 2064 ἀνδρείαν
250 1971 330 2060 μετά
350 1973 575 2062 σωφροσύνης
596 1974 653 2043 καὶ
672 1973 841 2063 φρόνησιν
859 1973 939 2060 μετὰ
958 1979 1086 2042 δικαιο-

18 2090 19 2118 ³
69 2080 173 2167 σύνης
207 2080 415 2170 στέργοντας.
461 2076 563 2161 ὅσους
595 2079 633 2149 δὲ
666 2075 825 2168 ἀγχίνους
856 2074 876 2167 ἢ
905 2075 1037 2159 δεινοὺς
1064 2075 1089 2168 ἢ

69 2183 310 2278 στρατηγικοὺς
346 2182 367 2274 ἢ
399 2184 551 2274 κομψοὺς
586 2188 642 2255 καὶ
678 2187 724 2277 τῷ
761 2185 881 2273 πλήθει
917 2184 1088 2268 πιθανοὺς

19 2293 172 2383 σὲάρα,
212 2288 324 2380 σμίκρ’
359 2289 440 2360 ἀττα
476 2292 576 2383 μόρια
612 2294 917 2381 κατανειμαμένους
958 2290 1086 2382 ἀρετῆς,

70 2397 152 2468 οὐδὲ
179 2398 322 2478 τούτους
353 2400 388 2479 ἐς
415 2394 505 2467 άπαν
537 2398 658 2487 ἐπῄνει.
704 2400 815 2468 ἕπεται
843 2399 880 2468 δὲ
912 2396 1019 2468 αύτού
1045 2403 1125 2491 τῄο

67 2513 177 2597 κρίσει
212 2507 330 2592 σοφῶν
362 2500 499 2594 ἀνδρῶν
531 2508 637 2594 δῆμος
672 2501 794 2595 ἀρετὴν
830 2506 1086 2597 θεραπεύοντες,

68 2610 108 2681 τά
138 2609 252 2680 κλεινά
273 2609 311 2678 δὲ
330 2609 422 2700 οἶμαι
440 2614 545 2680 ταῦτα
563 2613 619 2679 καὶ
637 2609 817 2700 θαυμαστά
837 2617 872 2682 οί
887 2612 949 2702 μὲν
968 2609 1086 2699 ὀλίγον

67 2717 172 2804 τινός,
202 2722 237 2786 οί
263 2715 300 2786 δὲ
329 2714 471 2799 ούδενὸς
498 2715 573 2799 ἀξια
600 2717 760 2805 λέγοντες.
802 2724 834 2787 εί
859 2719 920 2807 μὲν
940 2711 1003 2788 οὖν
1030 2721 1086 2789 καὶ

33 2821 150 2912 σύμῖν
182 2824 287 2912 ταύτη
320 2849 365 2912 πη
398 2825 567 2911 ξυνδοκεῖ,
601 2826 676 2904 δέος
709 2821 750 2893 ού
783 2827 917 2912 φαύλόν
948 2853 988 2913 με
1021 2831 1087 2913 ἔχει

66 2932 143 3021 περὶ
177 2933 246 2999 τῶν
280 2935 471 3019 ἔμπροσθεν
503 2930 613 3016 λόγων
648 2931 704 2999 καὶ
737 2934 898 3019 ἐμαυτοῦ,
930 2930 975 3019 μή
1006 2955 1086 2999 ποτε

135 3119 148 3166 1
169 3108 353 3181 ἀγνούμενον
370 3116 395 3167 V
416 3112 421 3180 Ι
444 3108 524 3181 ύμιόν
541 3112 575 3180 V]
594 3108 677 3180 ἡμῶν
696 3113 701 3178 Ι
724 3103 781 3180 ὅπη
800 3113 834 3181 V]
852 3105 920 3166 ὅποι
988 3117 1004 3164 3
1023 3113 1086 3165 Σω-

66 3176 156 3249 κράτη
180 3179 225 3248 Η]
257 3175 419 3248 Σωκράτην
449 3187 454 3242 Ι
488 3181 531 3233 Cf.
550 3182 623 3233 Plat.
643 3183 727 3250 Gorg.
749 3183 837 3234 4701)
860 3196 898 3232 ss.
934 3181 1023 3246 Logg.
1042 3181 1086 3231 111

66 3252 160 3304 6981.
244 3252 261 3300 5
288 3240 373 3301 εύδαι
397 3248 537 3316 ονούντα]
568 3242 747 3302 ἐπαινοῦντα
772 3248 818 3300 vel
847 3241 1086 3313 άποσεμνύνοντα

65 3318 133 3372 Rsk.
206 3320 221 3367 ’ί
245 3308 277 3367 δ’
300 3267 436 3384 ῨΜῄμδέ
505 3309 631 3370 θ”τίθων
648 3318 680 3369 V.
710 3317 849 3368 cf.24313
920 3319 951 3368 13
974 3310 1086 3376 ἐκεῖνος

66 3378 166 3454 ἐπῄνει
195 3379 266 3436 ποτὶ
290 3384 365 3452 VM]
396 3379 461 3437 τότε
485 3376 596 3445 ἐκεῖνος
619 3377 718 3450 ἐπῄνει
751 3385 756 3446 Ι
788 3375 877 3435 ἄλλον
898 3381 967 3451 VM]
991 3375 1086 3436 ἀλλων

66 3456 98 3505 15
120 3447 239 3519 ὀλίγους
263 3456 337 3503 cant.
409 3456 443 3505 20
465 3446 570 3518 σμικρά
592 3447 628 3504 τά
651 3451 691 3517 V,
717 3449 876 3518 σμικράττα
898 3451 927 3502 Μ
996 3455 1028 3504 21
1056 3443 1085 3512 ἐς

65 3516 105 3587 V]
133 3516 176 3580 είς
236 3534 240 3541 ’
