2414 3862
409 153 612 206 ιιΡιοΤοοιιι
630 154 672 212 τε,
689 158 731 209 ιο.
1012 153 1076 219 569

8 338 16 353 .
61 289 117 356 καὶ
144 292 319 377 λοιδορίαν
347 287 429 359 αὐτὸ
452 291 508 359 καὶ
531 295 747 378 βλασφημίαν
769 293 932 378 νομίζειν,
963 287 1014 358 ὅτι
1037 316 1077 378 με
1094 305 1123 360 D

60 409 132 475 τοῖς
163 398 306 464 σεαυτοῦ
338 402 450 483 φίλοις
481 393 715 484 ὑπελάμβανες
741 394 828 465 εἶναι
858 397 1076 484 προσόμοιον,
1084 424 1127 464 τιν

61 492 111 569 ῶν
134 502 276 593 ἑκατέρῳ
300 502 447 582 δέδωκας
470 501 610 573 σεαυτὸν
632 503 791 592 άκλητον,
818 507 947 592 μᾶλλον
971 504 1008 571 δὲ
1030 508 1075 596 τῷ

62 606 124 694 μὲν
146 605 300 693 άκλητον,
323 611 368 697 τῷ
391 612 551 700 προτέρῳ,
573 613 619 699 τῶ
638 610 782 700 δευτέρῳ
802 609 839 678 δὲ
857 609 1076 699 ἐνδειξαμένῳ

33 711 189 802 ομόνον,
202 712 253 782 ὅτι
273 732 309 781 σε
328 714 494 803 συνεργὸν
513 717 621 784 έδέλει
638 721 853 805 προσλαβεῖν,
874 712 1077 802 ὑπήκουσας.
1185 712 1200 734 ”

61 815 134 886 ἀλλ’
174 824 205 887 εί
243 820 305 908 μέν
342 820 405 907 έγῶ
441 820 648 911 προσόμοιός
683 825 750 908 είμι
787 820 986 890 Κῶυσταντι
1020 822 1076 890 καὶ

61 931 279 1017 Μαγνεντίςο,
302 926 339 995 τὸ
363 931 498 1017 πρᾶγμα
522 924 619 1013 αὐτό,
643 933 737 1014 φασί,
761 928 876 1008 δείξει·
901 926 943 996 σὺ
967 924 1011 995 δ’-
1025 925 1076 996 δτι

60 1029 143 1098 κατὰ
166 1030 226 1100 τὸν
249 1032 410 1120 Κωμικὸν

150 1138 290 1226 Σαυτὴν
313 1141 459 1220 έπαινείς
480 1138 596 1229 ῶσπερΙ
611 1138 831 1228 Ἀστυδάμας,
855 1140 967 1229 γύναι,

18 1269 47 1317 10
60 1244 234 1332 πρόδηλόν
256 1249 348 1316 ἐστιν
370 1248 403 1329 ἐξ
426 1239 476 1316 ῶν
499 1249 694 1327 ἐπέστειλας.
716 1245 737 1334 ἡ
761 1246 825 1335 γάρ
848 1218 997 1338 νἰφοβία
1020 1247 1133 1316 καλ44κ

61 1348 99 1418 τὸ
123 1353 220 1438 μέγα
242 1351 393 1440 δάρσος
419 1352 534 1422 καὶτὸ
559 1361 644 1421 είδε
667 1379 712 1440 με
734 1361 874 1442 γνοίης
897 1353 990 1434 ὅσος
1012 1353 1076 1421 καὶ

64 1450 148 1537 οἷός
170 1461 272 1544 είμι,
289 1458 345 1525 καὶ
368 1457 477 1527 πάντα
499 1456 610 1539 ἁπλῶς
631 1457 672 1527 τὰ
694 1463 848 1548 τοιαῦτα,
877 1466 995 1547 βαβαί,
1017 1483 1076 1547 πη-

62 1568 159 1631 λίκον
190 1563 318 1633 κτύπου
343 1565 400 1632 καὶ
426 1563 559 1652 κόμπου
584 1564 742 1652 βημάτων
770 1568 870 1634 ἐστίν.
915 1564 1077 1635 ἀλλὰκαὶ

61 1669 147 1756 πρὸς
173 1674 241 1739 τῶν
267 1677 424 1761 Χαρίτων
449 1671 506 1739 καὶ
532 1674 591 1758 τῆς
610 1670 823 1760 Ἀφροδίτης,
855 1677 887 1740 εί
911 1674 1077 1764 τολμηρὸς

16 1807 47 1848 15
62 1771 186 1845 οῦτωσὶ
217 1778 273 1845 καὶ
300 1791 469 1864 γενναῖος,
505 1783 541 1846 τί
566 1777 622 1845 καὶ
648 1783 768 1865 τρίτου·
789 1774 1001 1867 ηῦλαβήδης,
1033 1776 1077 1849 άν

62 1883 139 1969 δέη,
170 1881 409 1972 προσκρούειν;
446 1886 482 1951 οί
506 1881 570 1971 γάρ
592 1894 663 1962 τοίς
684 1887 866 1969 κρατοῦσιν
890 1883 1078 1972 ἀπεχθανό-

62 2014 168 2075 μενοι,
187 1986 225 2057 τὸ
244 1988 306 2075 μὲν
323 1987 536 2075 κουφότατον
553 1995 619 2075 καί,
638 1986 684 2069 ῶς
701 1985 745 2057 άν
758 1998 845 2058 είποι
858 2017 918 2076 τις,
937 1988 1077 2078 ἥδιστον

61 2097 106 2185 τῷ
130 2119 168 2180 γε
191 2097 277 2162 νοῦν
299 2098 419 2182 ἔχοντι,
441 2098 503 2163 τοῦ
525 2094 701 2183 πράγματα
724 2101 811 2182 ἔχειν
833 2097 957 2183 ταχέως
975 2095 1077 2166 άπαλ·

61 2199 255 2285 λάττουται,
279 2199 380 2290 μικρά
404 2199 444 2269 δὲ
464 2205 495 2268 εί
515 2199 578 2289 χρὴ
601 2205 914 2289 προσζημιυδῆναι,
936 2204 1012 2291 περὶ
1035 2202 1076 2271 τά

19 2339 48 2380 νο
61 2305 212 2395 χρήματα
244 2312 413 2375 πταίουσι·
449 2306 487 2375 τὸ
516 2306 554 2375 δὲ
580 2305 763 2394 κεφάλαιόν
791 2310 859 2377 ἐστι
889 2312 949 2396 τῆς
975 2306 1079 2397 ὀργῆς

61 2412 177 2482 καὶτὸ
200 2421 342 2500 παθεῖν,
370 2419 468 2501 φασί,
491 2412 531 2482 τά
555 2412 735 2502 ἀνήκεστα,
758 2442 796 2484 το
821 2419 880 2503 ζῆν
901 2417 1078 2506 προέσθαι.

60 2518 192 2588 τούτων
207 2519 265 2607 ’δὴ
293 2519 430 2589 πάντων
456 2517 648 2608 ὑπερορῶν,
684 2519 735 2588 ὅτι
762 2520 901 2590 καὶτὸν
925 2527 1077 2605 ἰδίως...
1128 2596 1131 2600 ,

62 2625 267 2712 ἐπέγνῶκας·
302 2626 358 2694 καὶ
389 2624 451 2694 τὸν
481 2631 602 2706 κοινῶς
633 2627 689 2695 καὶ
721 2631 860 2714 γενικῶς
889 2627 1076 2712 άνδρωπον

134 2835 146 2881 1
166 2832 289 2899 νομίζων
307 2849 325 2883 v
387 2834 403 2882 2
422 2830 529 2883 σαυτοῦ
546 2834 584 2899 Α,
605 2823 710 2883 ἕαυτοῦ
728 2832 782 2882 Phi
797 2833 801 2896 Ι
816 2823 1018 2899 ὑπελάμβανες
1038 2831 1073 2902 Α]

61 2893 206 2965 ὑπέλαβες
258 2905 274 2954 3
292 2895 423 2958 δέδωκας
442 2893 565 2950 σεαντδν
583 2890 708 2963 ἄκλητον
727 2895 765 2968 τῷ
786 2895 912 2967 δευτέρῳ
930 2900 1030 2955 Suidas
1047 2919 1076 2953 v.

62 2958 189 3033 άιιληέον
258 2969 354 3020 3et4
380 2962 489 3031 τῶμὲν
508 2967 576 3017 Rsk.
597 2971 625 3016 et
643 2963 681 3032 H]
705 2957 827 3031 τὸνμὲν
895 2963 1076 3033 8Κωμικόν]

61 3036 257 3087 Philemonem.
294 3033 356 3087 vid.
375 3021 469 3086 photii
486 3036 554 3085 Lex.
571 3049 597 3098 p.
615 3036 666 3084 503
736 3036 765 3083 11
783 3026 896 3099 δάροος
913 3035 945 3100 Α]
964 3034 1076 3101 δράσας

65 3102 68 3170 λ
90 3101 157 3155 είδε
175 3119 210 3170 με
228 3101 328 3169 γνοίης
346 3091 412 3162 ῦσος
430 3098 481 3153 καί
503 3102 536 3161 Α]
568 3091 630 3153 εἶδ’
650 3092 699 3165 έμδ
717 3099 817 3167 γνοίης
888 3106 918 3154 13
942 3095 1020 3157 έστίν
1037 3103 1074 3170 Δ]

63 3167 141 3224 είσίν
215 3173 345 3222 11ε115
375 3166 402 3222 εί
420 3163 561 3248 τολμηρὸς
580 3161 678 3221 οὑτοσὶ
703 3171 726 3218 Α
753 3165 836 3287 {unde
855 3159 1075 3250 οδτωοῌαοιί-

62 3237 149 3302 cius),
180 3234 208 3290 εί
229 3235 279 3289 καλ
303 3231 444 3306 τολμηρὸς
462 3254 537 3290 ουτω
558 3252 585 3292 v,
620 3235 714 3285 Malim
738 3251 751 3287 ε
782 3230 921 3303 τολμηρὸς
940 3254 1030 3300 ουτως
1049 3233 1078 3292 εἷ

61 3309 94 3359 15
106 3307 197 3357 Verba
214 3304 245 3358 τί
260 3302 310 3357 καὶ
329 3304 425 3373 τρίτον
444 3321 531 3369 usque
543 3304 578 3355 ad
589 3299 759 3381 πολέμου).
772 3303 865 3366 570,10
882 3305 980 3356 desunt
992 3309 1076 3374 vulgo

59 3366 237 3441 ηῦλαβήδης
253 3370 352 3440 Hrch.]
376 3365 546 3441 εῦλαβήδης
616 3373 647 3424 18
669 3387 827 3439 πραγματα
844 3368 883 3438 Η]
908 3365 1076 3440 πράγματος

60 3446 91 3492 21
116 3441 169 3492 καί
184 3448 361 3506 transponam
380 3446 444 3492 ante
467 3431 499 3494 τὸ
518 3439 569 3506 ζῆν
614 3425 640 3473 ¹9
655 3440 687 3490 22
718 3441 773 3504 „ln
792 3441 815 3489 A
833 3442 952 3505 spatium
970 3447 1011 3494 est
1028 3457 1075 3495 sex

59 3509 203 3561 literarum
223 3508 339 3575 στιγμαί·
358 3509 442 3563 Hrch.
