<?xml version="1.0" encoding="UTF-8"?>
<!DOCTYPE html PUBLIC "-//W3C//DTD XHTML 1.0 Transitional//EN"
    "http://www.w3.org/TR/xhtml1/DTD/xhtml1-transitional.dtd">
<html xmlns="http://www.w3.org/1999/xhtml" xml:lang="en" lang="en">
 <head>
  <title>
</title>
<meta http-equiv="Content-Type" content="text/html;charset=utf-8" />
  <meta name='ocr-system' content='tesseract 3.04.00' />
  <meta name='ocr-capabilities' content='ocr_page ocr_carea ocr_par ocr_line ocrx_word'/>
</head>
<body>
  <div class='ocr_page' id='page_1' title='image "./iulianiimperato01juligoog_0128.png"; bbox 0 0 2446 3870; ppageno 0'>
   <div class='ocr_carea' id='block_1_1' title="bbox 476 143 1080 212">
    <p class='ocr_par' dir='ltr' id='par_1_1' title="bbox 476 143 1080 212">
     <span class='ocr_line' id='line_1_1' title="bbox 476 143 1080 212; baseline -0.003 -18"><span class='ocrx_word' id='word_1_1' title='bbox 476 143 612 195; x_wconf 76' lang='grc' dir='ltr'><strong><em>οειτιο</em></strong></span> <span class='ocrx_word' id='word_1_2' title='bbox 630 145 668 197; x_wconf 87' lang='lat'><strong><em>11.</em></strong></span> <span class='ocrx_word' id='word_1_3' title='bbox 1019 148 1080 212; x_wconf 83' lang='lat'><strong><em>115</em></strong></span> 
     </span>
    </p>
   </div>
   <div class='ocr_carea' id='block_1_2' title="bbox 15 267 1129 2915">
    <p class='ocr_par' dir='ltr' id='par_1_2' title="bbox 15 267 1129 2915">
     <span class='ocr_line' id='line_1_2' title="bbox 58 267 1079 361; baseline 0.008 -23"><span class='ocrx_word' id='word_1_4' title='bbox 58 267 332 358; x_wconf 84' lang='grc' dir='ltr'><strong><em>προαγορεύεται.</em></strong></span> <span class='ocrx_word' id='word_1_5' title='bbox 382 272 580 357; x_wconf 74' lang='grc' dir='ltr'><strong><em>νομοθετῶν</em></strong></span> <span class='ocrx_word' id='word_1_6' title='bbox 617 270 655 340; x_wconf 68' lang='grc' dir='ltr'><strong><em>δὲ</em></strong></span> <span class='ocrx_word' id='word_1_7' title='bbox 690 267 775 361; x_wconf 71' lang='grc' dir='ltr'><strong><em>ὑπὲρ</em></strong></span> <span class='ocrx_word' id='word_1_8' title='bbox 811 276 879 343; x_wconf 92' lang='grc' dir='ltr'><strong><em>τῶν</em></strong></span> <span class='ocrx_word' id='word_1_9' title='bbox 915 276 1079 346; x_wconf 80' lang='grc' dir='ltr'><strong><em>τοιούτων</em></strong></span> 
     </span>
     <span class='ocr_line' id='line_1_3' title="bbox 59 372 1079 469; baseline 0.009 -26"><span class='ocrx_word' id='word_1_10' title='bbox 59 372 162 464; x_wconf 78' lang='grc' dir='ltr'><strong><em>ὕβριν</em></strong></span> <span class='ocrx_word' id='word_1_11' title='bbox 189 373 252 462; x_wconf 70' lang='grc' dir='ltr'><strong><em>μέν</em></strong></span> <span class='ocrx_word' id='word_1_12' title='bbox 271 375 326 443; x_wconf 82' lang='grc' dir='ltr'><strong><em>καλ</em></strong></span> <span class='ocrx_word' id='word_1_13' title='bbox 354 376 559 464; x_wconf 89' lang='grc' dir='ltr'><strong><em>χαλεπότητα</em></strong></span> <span class='ocrx_word' id='word_1_14' title='bbox 586 378 643 446; x_wconf 79' lang='grc' dir='ltr'><strong><em>καὶ</em></strong></span> <span class='ocrx_word' id='word_1_15' title='bbox 661 383 798 467; x_wconf 81' lang='grc' dir='ltr'><strong><em>πικρίαν</em></strong></span> <span class='ocrx_word' id='word_1_16' title='bbox 816 381 884 448; x_wconf 93' lang='grc' dir='ltr'><strong><em>τῶν</em></strong></span> <span class='ocrx_word' id='word_1_17' title='bbox 911 386 1079 469; x_wconf 78' lang='grc' dir='ltr'><strong><em>τιμωριῶν</em></strong></span> 
     </span>
     <span class='ocr_line' id='line_1_4' title="bbox 60 477 1079 575; baseline 0.008 -26"><span class='ocrx_word' id='word_1_18' title='bbox 60 477 252 572; x_wconf 83' lang='grc' dir='ltr'><strong><em>ἀφαιρῇσει,</em></strong></span> <span class='ocrx_word' id='word_1_19' title='bbox 280 477 509 572; x_wconf 76' lang='grc' dir='ltr'><strong><em>ἀποκληρώσει</em></strong></span> <span class='ocrx_word' id='word_1_20' title='bbox 527 482 565 552; x_wconf 74' lang='grc' dir='ltr'><strong><em>δέ</em></strong></span> <span class='ocrx_word' id='word_1_21' title='bbox 592 480 708 566; x_wconf 76' lang='grc' dir='ltr'><strong><em>αὐτοῖς</em></strong></span> <span class='ocrx_word' id='word_1_22' title='bbox 726 481 861 575; x_wconf 88' lang='grc' dir='ltr'><strong><em>ἀνδρῶν</em></strong></span> <span class='ocrx_word' id='word_1_23' title='bbox 889 487 1079 575; x_wconf 91' lang='grc' dir='ltr'><strong><em>σωφρόνων</em></strong></span> 
     </span>
     <span class='ocr_line' id='line_1_5' title="bbox 58 585 1121 682; baseline 0.012 -27"><span class='ocrx_word' id='word_1_24' title='bbox 58 589 115 656; x_wconf 81' lang='grc' dir='ltr'><strong><em>καὶ</em></strong></span> <span class='ocrx_word' id='word_1_25' title='bbox 149 585 208 655; x_wconf 82' lang='grc' dir='ltr'><strong><em>διὰ</em></strong></span> <span class='ocrx_word' id='word_1_26' title='bbox 239 586 367 670; x_wconf 85' lang='grc' dir='ltr'><strong><em>παντὸς</em></strong></span> <span class='ocrx_word' id='word_1_27' title='bbox 397 591 459 658; x_wconf 83' lang='grc' dir='ltr'><strong><em>τοῦ</em></strong></span> <span class='ocrx_word' id='word_1_28' title='bbox 490 595 570 677; x_wconf 92' lang='grc' dir='ltr'><strong><em>βίου</em></strong></span> <span class='ocrx_word' id='word_1_29' title='bbox 602 591 755 678; x_wconf 81' lang='grc' dir='ltr'><strong><em>βάσανον</em></strong></span> <span class='ocrx_word' id='word_1_30' title='bbox 787 589 829 662; x_wconf 86' lang='grc' dir='ltr'><strong><em>ού</em></strong></span> <span class='ocrx_word' id='word_1_31' title='bbox 857 592 993 680; x_wconf 82' lang='grc' dir='ltr'><strong><em>φαύλην</em></strong></span> <span class='ocrx_word' id='word_1_32' title='bbox 1019 597 1121 682; x_wconf 82' lang='grc' dir='ltr'><strong><em>τῇςΒ</em></strong></span> 
     </span>
     <span class='ocr_line' id='line_1_6' title="bbox 30 690 1079 788; baseline 0.002 -23"><span class='ocrx_word' id='word_1_33' title='bbox 30 690 176 765; x_wconf 75' lang='grc' dir='ltr'><strong><em>εαύτῶν</em></strong></span> <span class='ocrx_word' id='word_1_34' title='bbox 202 690 321 782; x_wconf 83' lang='grc' dir='ltr'><strong><em>ἀρετῆς</em></strong></span> <span class='ocrx_word' id='word_1_35' title='bbox 347 697 610 784; x_wconf 77' lang='grc' dir='ltr'><strong><em>παρασχομένων</em></strong></span> <span class='ocrx_word' id='word_1_36' title='bbox 637 695 674 766; x_wconf 89' lang='grc' dir='ltr'><strong><em>τὸ</em></strong></span> <span class='ocrx_word' id='word_1_37' title='bbox 703 698 929 788; x_wconf 83' lang='grc' dir='ltr'><strong><em>δικαστήριον,</em></strong></span> <span class='ocrx_word' id='word_1_38' title='bbox 958 705 993 769; x_wconf 78' lang='grc' dir='ltr'><strong><em>οδ</em></strong></span> <span class='ocrx_word' id='word_1_39' title='bbox 1017 728 1079 788; x_wconf 87' lang='grc' dir='ltr'><strong><em>μη-</em></strong></span> 
     </span>
     <span class='ocr_line' id='line_1_7' title="bbox 58 796 1078 897; baseline 0.005 -27"><span class='ocrx_word' id='word_1_40' title='bbox 58 800 120 870; x_wconf 79' lang='grc' dir='ltr'><strong><em>δέν</em></strong></span> <span class='ocrx_word' id='word_1_41' title='bbox 148 796 313 881; x_wconf 81' lang='grc' dir='ltr'><strong><em>αὐθαδῶς</em></strong></span> <span class='ocrx_word' id='word_1_42' title='bbox 339 801 423 889; x_wconf 69' lang='grc' dir='ltr'><strong><em>μηδὲ</em></strong></span> <span class='ocrx_word' id='word_1_43' title='bbox 451 798 537 892; x_wconf 84' lang='grc' dir='ltr'><strong><em>ὁρμῇ</em></strong></span> <span class='ocrx_word' id='word_1_44' title='bbox 564 829 630 871; x_wconf 91' lang='grc' dir='ltr'><strong><em>τινι</em></strong></span> <span class='ocrx_word' id='word_1_45' title='bbox 658 806 827 886; x_wconf 76' lang='grc' dir='ltr'><strong><em>παντελῶς</em></strong></span> <span class='ocrx_word' id='word_1_46' title='bbox 854 801 964 897; x_wconf 78' lang='grc' dir='ltr'><strong><em>ἀλόγῳ</em></strong></span> <span class='ocrx_word' id='word_1_47' title='bbox 992 805 1078 893; x_wconf 86' lang='grc' dir='ltr'><strong><em>χρῶ-</em></strong></span> 
     </span>
     <span class='ocr_line' id='line_1_8' title="bbox 56 902 1078 1001; baseline 0.006 -25"><span class='ocrx_word' id='word_1_48' title='bbox 56 935 167 997; x_wconf 89' lang='grc' dir='ltr'><strong><em>μενοι,</em></strong></span> <span class='ocrx_word' id='word_1_49' title='bbox 196 909 233 974; x_wconf 93' lang='grc' dir='ltr'><strong><em>ἐν</em></strong></span> <span class='ocrx_word' id='word_1_50' title='bbox 261 902 384 997; x_wconf 81' lang='grc' dir='ltr'><strong><em>ἡμέρας</em></strong></span> <span class='ocrx_word' id='word_1_51' title='bbox 400 915 507 1001; x_wconf 79' lang='grc' dir='ltr'><strong><em>μορίω</em></strong></span> <span class='ocrx_word' id='word_1_52' title='bbox 527 912 655 1001; x_wconf 77' lang='grc' dir='ltr'><strong><em>σμικρῇ</em></strong></span> <span class='ocrx_word' id='word_1_53' title='bbox 673 909 947 998; x_wconf 83' lang='grc' dir='ltr'><strong><em>βουλευσόμενοι,</em></strong></span> <span class='ocrx_word' id='word_1_54' title='bbox 974 911 1078 1000; x_wconf 84' lang='grc' dir='ltr'><strong><em>τυχόν</em></strong></span> 
     </span>
     <span class='ocr_line' id='line_1_9' title="bbox 58 1009 1077 1106; baseline 0.006 -25"><span class='ocrx_word' id='word_1_55' title='bbox 58 1014 96 1082; x_wconf 77' lang='grc' dir='ltr'><strong><em>δέ</em></strong></span> <span class='ocrx_word' id='word_1_56' title='bbox 135 1009 218 1082; x_wconf 76' lang='grc' dir='ltr'><strong><em>ούδέ</em></strong></span> <span class='ocrx_word' id='word_1_57' title='bbox 254 1017 361 1103; x_wconf 87' lang='grc' dir='ltr'><strong><em>βουλῇ</em></strong></span> <span class='ocrx_word' id='word_1_58' title='bbox 398 1015 528 1102; x_wconf 90' lang='grc' dir='ltr'><strong><em>δόντες,</em></strong></span> <span class='ocrx_word' id='word_1_59' title='bbox 565 1011 650 1104; x_wconf 82' lang='grc' dir='ltr'><strong><em>ύπέρ</em></strong></span> <span class='ocrx_word' id='word_1_60' title='bbox 687 1013 813 1106; x_wconf 86' lang='grc' dir='ltr'><strong><em>ἀνδρὸς</em></strong></span> <span class='ocrx_word' id='word_1_61' title='bbox 843 1023 983 1086; x_wconf 85' lang='grc' dir='ltr'><strong><em>πολίτου</em></strong></span> <span class='ocrx_word' id='word_1_62' title='bbox 1015 1016 1077 1106; x_wconf 79' lang='grc' dir='ltr'><strong><em>τὴν</em></strong></span> 
     </span>
     <span class='ocr_line' id='line_1_10' title="bbox 56 1119 1078 1214; baseline 0.004 -25"><span class='ocrx_word' id='word_1_63' title='bbox 56 1122 223 1209; x_wconf 81' lang='grc' dir='ltr'><strong><em>μέλαιναν</em></strong></span> <span class='ocrx_word' id='word_1_64' title='bbox 251 1129 383 1190; x_wconf 85' lang='grc' dir='ltr'><strong><em>οίσουσι</em></strong></span> <span class='ocrx_word' id='word_1_65' title='bbox 411 1124 537 1210; x_wconf 73' lang='grc' dir='ltr'><strong><em>ψῆφον.</em></strong></span> <span class='ocrx_word' id='word_1_66' title='bbox 579 1119 670 1214; x_wconf 76' lang='grc' dir='ltr'><strong><em>αύτῷ</em></strong></span> <span class='ocrx_word' id='word_1_67' title='bbox 699 1121 736 1192; x_wconf 70' lang='grc' dir='ltr'><strong><em>δέ</em></strong></span> <span class='ocrx_word' id='word_1_68' title='bbox 764 1120 842 1192; x_wconf 82' lang='grc' dir='ltr'><strong><em>οὕτε</em></strong></span> <span class='ocrx_word' id='word_1_69' title='bbox 870 1125 907 1191; x_wconf 90' lang='grc' dir='ltr'><strong><em>ἐν</em></strong></span> <span class='ocrx_word' id='word_1_70' title='bbox 934 1126 974 1212; x_wconf 92' lang='grc' dir='ltr'><strong><em>τῇ</em></strong></span> <span class='ocrx_word' id='word_1_71' title='bbox 992 1126 1078 1213; x_wconf 84' lang='grc' dir='ltr'><strong><em>χειρὶ</em></strong></span> 
     </span>
     <span class='ocr_line' id='line_1_11' title="bbox 15 1224 1076 1318; baseline -0.001 -18"><span class='ocrx_word' id='word_1_72' title='bbox 15 1262 42 1301; x_wconf 76' lang='grc' dir='ltr'><strong><em>ιο</em></strong></span> <span class='ocrx_word' id='word_1_73' title='bbox 57 1231 157 1315; x_wconf 86' lang='grc' dir='ltr'><strong><em>ξίφος</em></strong></span> <span class='ocrx_word' id='word_1_74' title='bbox 186 1232 233 1308; x_wconf 87' lang='grc' dir='ltr'><strong><em>είς</em></strong></span> <span class='ocrx_word' id='word_1_75' title='bbox 259 1234 410 1314; x_wconf 90' lang='grc' dir='ltr'><strong><em>πολίτου,</em></strong></span> <span class='ocrx_word' id='word_1_76' title='bbox 437 1224 501 1297; x_wconf 84' lang='grc' dir='ltr'><strong><em>κάν</em></strong></span> <span class='ocrx_word' id='word_1_77' title='bbox 529 1224 629 1318; x_wconf 90' lang='grc' dir='ltr'><strong><em>ἀδικῇ</em></strong></span> <span class='ocrx_word' id='word_1_78' title='bbox 646 1226 688 1298; x_wconf 87' lang='grc' dir='ltr'><strong><em>τδι</em></strong></span> <span class='ocrx_word' id='word_1_79' title='bbox 711 1234 841 1318; x_wconf 84' lang='grc' dir='ltr'><strong><em>ἔσχατα,</em></strong></span> <span class='ocrx_word' id='word_1_80' title='bbox 870 1229 981 1317; x_wconf 91' lang='grc' dir='ltr'><strong><em>φόνον</em></strong></span> <span class='ocrx_word' id='word_1_81' title='bbox 1000 1228 1076 1299; x_wconf 85' lang='grc' dir='ltr'><strong><em>ούτε</em></strong></span> 
     </span>
     <span class='ocr_line' id='line_1_12' title="bbox 56 1330 1076 1426; baseline 0.003 -23"><span class='ocrx_word' id='word_1_82' title='bbox 56 1337 96 1404; x_wconf 91' lang='grc' dir='ltr'><strong><em>ἐν</em></strong></span> <span class='ocrx_word' id='word_1_83' title='bbox 133 1336 175 1423; x_wconf 90' lang='grc' dir='ltr'><strong><em>τῇ</em></strong></span> <span class='ocrx_word' id='word_1_84' title='bbox 210 1337 300 1423; x_wconf 72' lang='grc' dir='ltr'><strong><em>ψυχῇ</em></strong></span> <span class='ocrx_word' id='word_1_85' title='bbox 341 1336 482 1424; x_wconf 92' lang='grc' dir='ltr'><strong><em>κέντρον</em></strong></span> <span class='ocrx_word' id='word_1_86' title='bbox 518 1330 653 1404; x_wconf 79' lang='grc' dir='ltr'><strong><em>ὑπεῖναι</em></strong></span> <span class='ocrx_word' id='word_1_87' title='bbox 684 1335 763 1425; x_wconf 84' lang='grc' dir='ltr'><strong><em>χρή,</em></strong></span> <span class='ocrx_word' id='word_1_88' title='bbox 801 1333 886 1405; x_wconf 79' lang='grc' dir='ltr'><strong><em>ὅπου</em></strong></span> <span class='ocrx_word' id='word_1_89' title='bbox 923 1337 979 1406; x_wconf 82' lang='grc' dir='ltr'><strong><em>καὶ</em></strong></span> <span class='ocrx_word' id='word_1_90' title='bbox 1014 1335 1076 1426; x_wconf 78' lang='grc' dir='ltr'><strong><em>τὴν</em></strong></span> 
     </span>
     <span class='ocr_line' id='line_1_13' title="bbox 55 1437 1075 1532; baseline 0.003 -22"><span class='ocrx_word' id='word_1_91' title='bbox 55 1444 128 1510; x_wconf 91' lang='grc' dir='ltr'><strong><em>τῶν</em></strong></span> <span class='ocrx_word' id='word_1_92' title='bbox 164 1443 324 1528; x_wconf 83' lang='grc' dir='ltr'><strong><em>μελιττῶν</em></strong></span> <span class='ocrx_word' id='word_1_93' title='bbox 361 1437 492 1530; x_wconf 86' lang='grc' dir='ltr'><strong><em>ὁρῶμεν</em></strong></span> <span class='ocrx_word' id='word_1_94' title='bbox 528 1441 775 1529; x_wconf 83' lang='grc' dir='ltr'><strong><em>βασιλεύουσαν</em></strong></span> <span class='ocrx_word' id='word_1_95' title='bbox 811 1441 968 1532; x_wconf 82' lang='grc' dir='ltr'><strong><em>καθαρὰν</em></strong></span> <span class='ocrx_word' id='word_1_96' title='bbox 1009 1439 1075 1513; x_wconf 79' lang='grc' dir='ltr'><strong><em>ὑπὸ</em></strong></span> 
     </span>
     <span class='ocr_line' id='line_1_14' title="bbox 55 1545 1129 1638; baseline 0.003 -22"><span class='ocrx_word' id='word_1_97' title='bbox 55 1551 117 1635; x_wconf 86' lang='grc' dir='ltr'><strong><em>τῇς</em></strong></span> <span class='ocrx_word' id='word_1_98' title='bbox 149 1546 284 1634; x_wconf 87' lang='grc' dir='ltr'><strong><em>φύσεως</em></strong></span> <span class='ocrx_word' id='word_1_99' title='bbox 315 1547 484 1637; x_wconf 83' lang='grc' dir='ltr'><strong><em>πλήκτρου</em></strong></span> <span class='ocrx_word' id='word_1_100' title='bbox 511 1550 706 1637; x_wconf 81' lang='grc' dir='ltr'><strong><em>γενομένην.</em></strong></span> <span class='ocrx_word' id='word_1_101' title='bbox 747 1545 819 1617; x_wconf 86' lang='grc' dir='ltr'><strong><em>ἀλλ’</em></strong></span> <span class='ocrx_word' id='word_1_102' title='bbox 850 1545 913 1618; x_wconf 85' lang='grc' dir='ltr'><strong><em>οὐκ</em></strong></span> <span class='ocrx_word' id='word_1_103' title='bbox 944 1556 992 1630; x_wconf 87' lang='grc' dir='ltr'><strong><em>είς</em></strong></span> <span class='ocrx_word' id='word_1_104' title='bbox 1019 1578 1074 1638; x_wconf 90' lang='grc' dir='ltr'><strong><em>με-</em></strong></span> <span class='ocrx_word' id='word_1_105' title='bbox 1094 1577 1129 1626; x_wconf 81' lang='grc' dir='ltr'><strong><em>οο</em></strong></span> 
     </span>
     <span class='ocr_line' id='line_1_15' title="bbox 56 1651 1076 1743; baseline 0 -19"><span class='ocrx_word' id='word_1_106' title='bbox 56 1660 171 1735; x_wconf 88' lang='grc' dir='ltr'><strong><em>λίττας</em></strong></span> <span class='ocrx_word' id='word_1_107' title='bbox 197 1655 373 1741; x_wconf 81' lang='grc' dir='ltr'><strong><em>βλεπτέον,</em></strong></span> <span class='ocrx_word' id='word_1_108' title='bbox 405 1660 453 1735; x_wconf 90' lang='grc' dir='ltr'><strong><em>είς</em></strong></span> <span class='ocrx_word' id='word_1_109' title='bbox 481 1651 587 1723; x_wconf 82' lang='grc' dir='ltr'><strong><em>αὐτόν</em></strong></span> <span class='ocrx_word' id='word_1_110' title='bbox 615 1653 654 1724; x_wconf 72' lang='grc' dir='ltr'><strong><em>δέ</em></strong></span> <span class='ocrx_word' id='word_1_111' title='bbox 681 1653 774 1743; x_wconf 83' lang='grc' dir='ltr'><strong><em>οἶμαι</em></strong></span> <span class='ocrx_word' id='word_1_112' title='bbox 801 1658 869 1724; x_wconf 89' lang='grc' dir='ltr'><strong><em>τῶν</em></strong></span> <span class='ocrx_word' id='word_1_113' title='bbox 896 1657 989 1724; x_wconf 88' lang='grc' dir='ltr'><strong><em>θεῶν</em></strong></span> <span class='ocrx_word' id='word_1_114' title='bbox 1015 1654 1076 1724; x_wconf 88' lang='grc' dir='ltr'><strong><em>τὸν</em></strong></span> 
     </span>
     <span class='ocr_line' id='line_1_16' title="bbox 18 1751 1075 1851; baseline -0.004 -16"><span class='ocrx_word' id='word_1_115' title='bbox 18 1797 45 1835; x_wconf 79' lang='lat'><strong><em>15</em></strong></span> <span class='ocrx_word' id='word_1_116' title='bbox 57 1762 209 1849; x_wconf 80' lang='grc' dir='ltr'><strong><em>βασιλέα,</em></strong></span> <span class='ocrx_word' id='word_1_117' title='bbox 237 1751 343 1850; x_wconf 82' lang='grc' dir='ltr'><strong><em>οὗπερ</em></strong></span> <span class='ocrx_word' id='word_1_118' title='bbox 371 1757 458 1830; x_wconf 79' lang='grc' dir='ltr'><strong><em>εἶναι</em></strong></span> <span class='ocrx_word' id='word_1_119' title='bbox 484 1758 547 1850; x_wconf 79' lang='grc' dir='ltr'><strong><em>χρὴ</em></strong></span> <span class='ocrx_word' id='word_1_120' title='bbox 574 1758 636 1829; x_wconf 88' lang='grc' dir='ltr'><strong><em>τὸν</em></strong></span> <span class='ocrx_word' id='word_1_121' title='bbox 663 1757 799 1849; x_wconf 86' lang='grc' dir='ltr'><strong><em>ἀληθῶς</em></strong></span> <span class='ocrx_word' id='word_1_122' title='bbox 826 1758 971 1851; x_wconf 86' lang='grc' dir='ltr'><strong><em>ἀρχοντα</em></strong></span> <span class='ocrx_word' id='word_1_123' title='bbox 994 1787 1075 1851; x_wconf 87' lang='grc' dir='ltr'><strong><em>προ-</em></strong></span> 
     </span>
     <span class='ocr_line' id='line_1_17' title="bbox 58 1862 1076 1957; baseline 0.002 -22"><span class='ocrx_word' id='word_1_124' title='bbox 58 1867 173 1956; x_wconf 84' lang='grc' dir='ltr'><strong><em>φήτην</em></strong></span> <span class='ocrx_word' id='word_1_125' title='bbox 197 1868 254 1936; x_wconf 83' lang='grc' dir='ltr'><strong><em>καὶ</em></strong></span> <span class='ocrx_word' id='word_1_126' title='bbox 281 1862 459 1957; x_wconf 77' lang='grc' dir='ltr'><strong><em>ὑπηρέτην.</em></strong></span> <span class='ocrx_word' id='word_1_127' title='bbox 501 1864 631 1937; x_wconf 81' lang='grc' dir='ltr'><strong><em>οὐκοῦν</em></strong></span> <span class='ocrx_word' id='word_1_128' title='bbox 659 1864 723 1935; x_wconf 82' lang='grc' dir='ltr'><strong><em>ὅσα</em></strong></span> <span class='ocrx_word' id='word_1_129' title='bbox 740 1866 802 1955; x_wconf 68' lang='grc' dir='ltr'><strong><em>μὲν</em></strong></span> <span class='ocrx_word' id='word_1_130' title='bbox 821 1863 935 1954; x_wconf 87' lang='grc' dir='ltr'><strong><em>ἀγαθά</em></strong></span> <span class='ocrx_word' id='word_1_131' title='bbox 958 1870 1076 1954; x_wconf 87' lang='grc' dir='ltr'><strong><em>γέγονε</em></strong></span> 
     </span>
     <span class='ocr_line' id='line_1_18' title="bbox 57 1970 1075 2062; baseline -0.003 -18"><span class='ocrx_word' id='word_1_132' title='bbox 57 1977 227 2055; x_wconf 85' lang='grc' dir='ltr'><strong><em>παντελῶς</em></strong></span> <span class='ocrx_word' id='word_1_133' title='bbox 254 1975 313 2062; x_wconf 82' lang='grc' dir='ltr'><strong><em>τῇς</em></strong></span> <span class='ocrx_word' id='word_1_134' title='bbox 339 1976 493 2055; x_wconf 78' lang='grc' dir='ltr'><strong><em>ἐναντίας</em></strong></span> <span class='ocrx_word' id='word_1_135' title='bbox 520 1971 638 2062; x_wconf 86' lang='grc' dir='ltr'><strong><em>ἀμικτα</em></strong></span> <span class='ocrx_word' id='word_1_136' title='bbox 667 1973 801 2060; x_wconf 88' lang='grc' dir='ltr'><strong><em>φύσεως</em></strong></span> <span class='ocrx_word' id='word_1_137' title='bbox 827 1974 883 2040; x_wconf 78' lang='grc' dir='ltr'><strong><em>καὶ</em></strong></span> <span class='ocrx_word' id='word_1_138' title='bbox 910 1970 957 2041; x_wconf 90' lang='grc' dir='ltr'><strong><em>ἐπ’</em></strong></span> <span class='ocrx_word' id='word_1_139' title='bbox 988 1970 1075 2060; x_wconf 87' lang='grc' dir='ltr'><strong><em>ῶφε-</em></strong></span> 
     </span>
     <span class='ocr_line' id='line_1_19' title="bbox 56 2075 1075 2170; baseline -0.003 -20"><span class='ocrx_word' id='word_1_140' title='bbox 56 2087 130 2170; x_wconf 84' lang='grc' dir='ltr'><strong><em>λείᾳ</em></strong></span> <span class='ocrx_word' id='word_1_141' title='bbox 158 2082 256 2170; x_wconf 87' lang='grc' dir='ltr'><strong><em>κοινῇ</em></strong></span> <span class='ocrx_word' id='word_1_142' title='bbox 288 2083 356 2148; x_wconf 92' lang='grc' dir='ltr'><strong><em>τῶν</em></strong></span> <span class='ocrx_word' id='word_1_143' title='bbox 388 2076 581 2170; x_wconf 90' lang='grc' dir='ltr'><strong><em>ἀνθρῶπων</em></strong></span> <span class='ocrx_word' id='word_1_144' title='bbox 607 2080 664 2148; x_wconf 81' lang='grc' dir='ltr'><strong><em>καὶ</em></strong></span> <span class='ocrx_word' id='word_1_145' title='bbox 691 2081 753 2147; x_wconf 85' lang='grc' dir='ltr'><strong><em>τού</em></strong></span> <span class='ocrx_word' id='word_1_146' title='bbox 785 2075 909 2158; x_wconf 86' lang='grc' dir='ltr'><strong><em>παντὸς</em></strong></span> <span class='ocrx_word' id='word_1_147' title='bbox 935 2077 1075 2167; x_wconf 90' lang='grc' dir='ltr'><strong><em>κόσμου,</em></strong></span> 
     </span>
     <span class='ocr_line' id='line_1_20' title="bbox 57 2178 1075 2275; baseline -0.003 -19"><span class='ocrx_word' id='word_1_148' title='bbox 57 2187 189 2258; x_wconf 86' lang='grc' dir='ltr'><strong><em>τούτων</em></strong></span> <span class='ocrx_word' id='word_1_149' title='bbox 226 2185 264 2255; x_wconf 70' lang='grc' dir='ltr'><strong><em>δὲ</em></strong></span> <span class='ocrx_word' id='word_1_150' title='bbox 300 2183 403 2267; x_wconf 81' lang='grc' dir='ltr'><strong><em>αὐτὸς</em></strong></span> <span class='ocrx_word' id='word_1_151' title='bbox 439 2178 482 2275; x_wconf 82' lang='grc' dir='ltr'><strong><em>ἦν</em></strong></span> <span class='ocrx_word' id='word_1_152' title='bbox 513 2215 548 2255; x_wconf 86' lang='grc' dir='ltr'><strong><em>τε</em></strong></span> <span class='ocrx_word' id='word_1_153' title='bbox 579 2187 636 2256; x_wconf 81' lang='grc' dir='ltr'><strong><em>καλ</em></strong></span> <span class='ocrx_word' id='word_1_154' title='bbox 673 2191 743 2253; x_wconf 84' lang='grc' dir='ltr'><strong><em>ἔστι</em></strong></span> <span class='ocrx_word' id='word_1_155' title='bbox 781 2184 997 2274; x_wconf 88' lang='grc' dir='ltr'><strong><em>δημιουργός·</em></strong></span> <span class='ocrx_word' id='word_1_156' title='bbox 1033 2183 1075 2253; x_wconf 81' lang='grc' dir='ltr'><strong><em>τὰ</em></strong></span> 
     </span>
     <span class='ocr_line' id='line_1_21' title="bbox 22 2287 1072 2381; baseline -0.006 -15"><span class='ocrx_word' id='word_1_157' title='bbox 22 2291 143 2367; x_wconf 79' lang='grc' dir='ltr'><strong><em>ιοκακδι</em></strong></span> <span class='ocrx_word' id='word_1_158' title='bbox 176 2292 215 2362; x_wconf 74' lang='grc' dir='ltr'><strong><em>δέ</em></strong></span> <span class='ocrx_word' id='word_1_159' title='bbox 248 2288 321 2361; x_wconf 65' lang='grc' dir='ltr'><strong><em>οὔτ’</em></strong></span> <span class='ocrx_word' id='word_1_160' title='bbox 354 2295 535 2381; x_wconf 86' lang='grc' dir='ltr'><strong><em>ἐγέννησεν</em></strong></span> <span class='ocrx_word' id='word_1_161' title='bbox 567 2289 639 2362; x_wconf 78' lang='grc' dir='ltr'><strong><em>οὔτ’</em></strong></span> <span class='ocrx_word' id='word_1_162' title='bbox 680 2293 834 2373; x_wconf 76' lang='grc' dir='ltr'><strong><em>ἐπέταξεν</em></strong></span> <span class='ocrx_word' id='word_1_163' title='bbox 865 2289 967 2378; x_wconf 78' lang='grc' dir='ltr'><strong><em>εἶναι,</em></strong></span> <span class='ocrx_word' id='word_1_164' title='bbox 1001 2287 1072 2360; x_wconf 88' lang='grc' dir='ltr'><strong><em>ἀλλ’</em></strong></span> 
     </span>
     <span class='ocr_line' id='line_1_22' title="bbox 57 2395 1110 2489; baseline -0.002 -21"><span class='ocrx_word' id='word_1_165' title='bbox 57 2397 143 2469; x_wconf 83' lang='grc' dir='ltr'><strong><em>αὐτὰ</em></strong></span> <span class='ocrx_word' id='word_1_166' title='bbox 170 2398 233 2488; x_wconf 71' lang='grc' dir='ltr'><strong><em>μέν</em></strong></span> <span class='ocrx_word' id='word_1_167' title='bbox 260 2399 492 2488; x_wconf 73' lang='grc' dir='ltr'><strong><em>ἐφυγάδευσεν</em></strong></span> <span class='ocrx_word' id='word_1_168' title='bbox 520 2402 553 2481; x_wconf 87' lang='grc' dir='ltr'><strong><em>ἐξ</em></strong></span> <span class='ocrx_word' id='word_1_169' title='bbox 582 2395 742 2488; x_wconf 80' lang='grc' dir='ltr'><strong><em>ούρανοῦ,</em></strong></span> <span class='ocrx_word' id='word_1_170' title='bbox 769 2400 845 2487; x_wconf 85' lang='grc' dir='ltr'><strong><em>περὶ</em></strong></span> <span class='ocrx_word' id='word_1_171' title='bbox 865 2397 902 2467; x_wconf 72' lang='grc' dir='ltr'><strong><em>δὲ</em></strong></span> <span class='ocrx_word' id='word_1_172' title='bbox 929 2395 991 2489; x_wconf 85' lang='grc' dir='ltr'><strong><em>τὴν</em></strong></span> <span class='ocrx_word' id='word_1_173' title='bbox 1009 2402 1110 2486; x_wconf 85' lang='grc' dir='ltr'><strong><em>γῇνΒ</em></strong></span> 
     </span>
     <span class='ocr_line' id='line_1_23' title="bbox 57 2502 1075 2596; baseline -0.002 -22"><span class='ocrx_word' id='word_1_174' title='bbox 57 2506 268 2596; x_wconf 87' lang='grc' dir='ltr'><strong><em>στρεφόμενα</em></strong></span> <span class='ocrx_word' id='word_1_175' title='bbox 296 2507 352 2574; x_wconf 81' lang='grc' dir='ltr'><strong><em>καὶ</em></strong></span> <span class='ocrx_word' id='word_1_176' title='bbox 378 2503 441 2594; x_wconf 83' lang='grc' dir='ltr'><strong><em>τὴν</em></strong></span> <span class='ocrx_word' id='word_1_177' title='bbox 468 2509 598 2575; x_wconf 78' lang='grc' dir='ltr'><strong><em>ἐκεῖθεν</em></strong></span> <span class='ocrx_word' id='word_1_178' title='bbox 626 2502 784 2574; x_wconf 91' lang='grc' dir='ltr'><strong><em>ἀποικίαν</em></strong></span> <span class='ocrx_word' id='word_1_179' title='bbox 812 2513 988 2574; x_wconf 85' lang='grc' dir='ltr'><strong><em>σταλεῖσαν</em></strong></span> <span class='ocrx_word' id='word_1_180' title='bbox 1006 2508 1075 2573; x_wconf 91' lang='grc' dir='ltr'><strong><em>τῶν</em></strong></span> 
     </span>
     <span class='ocr_line' id='line_1_24' title="bbox 57 2611 1075 2703; baseline -0.003 -21"><span class='ocrx_word' id='word_1_181' title='bbox 57 2616 176 2700; x_wconf 78' lang='grc' dir='ltr'><strong><em>ψυχῶν</em></strong></span> <span class='ocrx_word' id='word_1_182' title='bbox 205 2611 431 2700; x_wconf 90' lang='grc' dir='ltr'><strong><em>διαλαβόμενα</em></strong></span> <span class='ocrx_word' id='word_1_183' title='bbox 458 2618 587 2703; x_wconf 86' lang='grc' dir='ltr'><strong><em>κρίνειν</em></strong></span> <span class='ocrx_word' id='word_1_184' title='bbox 606 2613 737 2692; x_wconf 82' lang='grc' dir='ltr'><strong><em>ἐπέταξε</em></strong></span> <span class='ocrx_word' id='word_1_185' title='bbox 756 2612 811 2680; x_wconf 82' lang='grc' dir='ltr'><strong><em>καλ</em></strong></span> <span class='ocrx_word' id='word_1_186' title='bbox 840 2616 1075 2700; x_wconf 77' lang='grc' dir='ltr'><strong><em>διακαθαίρειν</em></strong></span> 
     </span>
     <span class='ocr_line' id='line_1_25' title="bbox 56 2713 1074 2806; baseline -0.002 -19"><span class='ocrx_word' id='word_1_187' title='bbox 56 2734 126 2801; x_wconf 78' lang='grc' dir='ltr'><strong><em>τοῖς</em></strong></span> <span class='ocrx_word' id='word_1_188' title='bbox 159 2713 267 2787; x_wconf 83' lang='grc' dir='ltr'><strong><em>αύτού</em></strong></span> <span class='ocrx_word' id='word_1_189' title='bbox 298 2720 394 2788; x_wconf 81' lang='grc' dir='ltr'><strong><em>παισὶ</em></strong></span> <span class='ocrx_word' id='word_1_190' title='bbox 424 2720 480 2787; x_wconf 80' lang='grc' dir='ltr'><strong><em>καὶ</em></strong></span> <span class='ocrx_word' id='word_1_191' title='bbox 513 2718 673 2805; x_wconf 90' lang='grc' dir='ltr'><strong><em>ἐγγόνοις.</em></strong></span> <span class='ocrx_word' id='word_1_192' title='bbox 714 2717 845 2786; x_wconf 90' lang='grc' dir='ltr'><strong><em>τούτων</em></strong></span> <span class='ocrx_word' id='word_1_193' title='bbox 878 2717 915 2786; x_wconf 78' lang='grc' dir='ltr'><strong><em>δέ</em></strong></span> <span class='ocrx_word' id='word_1_194' title='bbox 949 2722 985 2787; x_wconf 82' lang='grc' dir='ltr'><strong><em>ολ</em></strong></span> <span class='ocrx_word' id='word_1_195' title='bbox 1013 2720 1074 2806; x_wconf 92' lang='grc' dir='ltr'><strong><em>μέν</em></strong></span> 
     </span>
     <span class='ocr_line' id='line_1_26' title="bbox 25 2820 1075 2915; baseline -0.006 -18"><span class='ocrx_word' id='word_1_196' title='bbox 25 2831 121 2898; x_wconf 78' lang='grc' dir='ltr'><strong><em>αείσι</em></strong></span> <span class='ocrx_word' id='word_1_197' title='bbox 151 2827 298 2914; x_wconf 78' lang='grc' dir='ltr'><strong><em>σωτῆρες</em></strong></span> <span class='ocrx_word' id='word_1_198' title='bbox 324 2826 380 2893; x_wconf 83' lang='grc' dir='ltr'><strong><em>καλ</em></strong></span> <span class='ocrx_word' id='word_1_199' title='bbox 408 2827 580 2914; x_wconf 88' lang='grc' dir='ltr'><strong><em>ἐπίκουροι</em></strong></span> <span class='ocrx_word' id='word_1_200' title='bbox 606 2826 665 2912; x_wconf 84' lang='grc' dir='ltr'><strong><em>τῇς</em></strong></span> <span class='ocrx_word' id='word_1_201' title='bbox 684 2820 902 2915; x_wconf 80' lang='grc' dir='ltr'><strong><em>ἀνθρωπίνης</em></strong></span> <span class='ocrx_word' id='word_1_202' title='bbox 930 2823 1075 2910; x_wconf 88' lang='grc' dir='ltr'><strong><em>φύσεως,</em></strong></span> 
     </span>
    </p>
   </div>
   <div class='ocr_carea' id='block_1_3' title="bbox 126 2967 1074 3106">
    <p class='ocr_par' dir='ltr' id='par_1_3' title="bbox 126 2967 1074 3106">
     <span class='ocr_line' id='line_1_27' title="bbox 126 2967 1074 3106; baseline -0.005 -78"><span class='ocrx_word' id='word_1_203' title='bbox 126 2981 139 3028; x_wconf 91' lang='lat'>1</span> <span class='ocrx_word' id='word_1_204' title='bbox 159 2977 257 3028; x_wconf 81' lang='lat' dir='ltr'><strong>Malim</strong></span> <span class='ocrx_word' id='word_1_205' title='bbox 273 2967 541 3060; x_wconf 85' lang='grc' dir='ltr'><strong><em>προηγόρευταιΙ</em></strong></span> <span class='ocrx_word' id='word_1_206' title='bbox 525 2993 599 3041; x_wconf 84' lang='grc' dir='ltr'><strong><em>οπερ</em></strong></span> <span class='ocrx_word' id='word_1_207' title='bbox 617 2973 686 3106; x_wconf 60' lang='lat' dir='ltr'><strong><em>VM]</em></strong></span> <span class='ocrx_word' id='word_1_208' title='bbox 705 2972 771 3042; x_wconf 75' lang='grc' dir='ltr'><strong><em>περὶ</em></strong></span> <span class='ocrx_word' id='word_1_209' title='bbox 840 2979 856 3026; x_wconf 81' lang='grc' dir='ltr'>ὁ</span> <span class='ocrx_word' id='word_1_210' title='bbox 875 2970 906 3026; x_wconf 83' lang='grc' dir='ltr'><strong><em>τὸ</em></strong></span> <span class='ocrx_word' id='word_1_211' title='bbox 927 2975 1009 3027; x_wconf 81' lang='lat' dir='ltr'><strong>velim</strong></span> <span class='ocrx_word' id='word_1_212' title='bbox 1027 2975 1074 3024; x_wconf 83' lang='lat' dir='ltr'><strong><em>ab·</em></strong></span> 
     </span>
    </p>
   </div>
   <div class='ocr_carea' id='block_1_4' title="bbox 59 3039 1075 3517">
    <p class='ocr_par' dir='ltr' id='par_1_4' title="bbox 59 3039 1075 3517">
     <span class='ocr_line' id='line_1_28' title="bbox 60 3039 1075 3120; baseline -0.005 -24"><span class='ocrx_word' id='word_1_213' title='bbox 60 3060 118 3096; x_wconf 78' lang='lat' dir='ltr'>esse</span> <span class='ocrx_word' id='word_1_214' title='bbox 146 3044 151 3108; x_wconf 90' lang='grc' dir='ltr'>Ι</span> <span class='ocrx_word' id='word_1_215' title='bbox 178 3039 278 3110; x_wconf 69' lang='grc' dir='ltr'><strong><em>μηθὲν</em></strong></span> <span class='ocrx_word' id='word_1_216' title='bbox 300 3045 325 3094; x_wconf 89' lang='lat' dir='ltr'><strong>V</strong></span> <span class='ocrx_word' id='word_1_217' title='bbox 393 3046 409 3094; x_wconf 83' lang='grc'><strong>6</strong></span> <span class='ocrx_word' id='word_1_218' title='bbox 431 3039 614 3111; x_wconf 85' lang='grc' dir='ltr'><strong><em>αύθαδῶς],</em></strong></span> <span class='ocrx_word' id='word_1_219' title='bbox 631 3044 665 3094; x_wconf 89' lang='lat' dir='ltr'><strong><em>Vi</em></strong></span> <span class='ocrx_word' id='word_1_220' title='bbox 686 3048 747 3094; x_wconf 80' lang='lat' dir='ltr'>etur</span> <span class='ocrx_word' id='word_1_221' title='bbox 769 3058 923 3102; x_wconf 84' lang='grc' dir='ltr'><strong><em>ποιουντες</em></strong></span> <span class='ocrx_word' id='word_1_222' title='bbox 945 3042 991 3092; x_wconf 83' lang='lat' dir='ltr'><strong><em>vel</em></strong></span> <span class='ocrx_word' id='word_1_223' title='bbox 1008 3041 1075 3120; x_wconf 86' lang='grc' dir='ltr'><strong><em>κρί-</em></strong></span> 
     </span>
     <span class='ocr_line' id='line_1_29' title="bbox 59 3102 1074 3195; baseline -0.003 -33"><span class='ocrx_word' id='word_1_224' title='bbox 59 3129 158 3195; x_wconf 74' lang='grc' dir='ltr'><strong><em>νρντες</em></strong></span> <span class='ocrx_word' id='word_1_225' title='bbox 176 3111 302 3163; x_wconf 82' lang='lat' dir='ltr'>deesse.“</span> <span class='ocrx_word' id='word_1_226' title='bbox 321 3112 388 3163; x_wconf 79' lang='lat' dir='ltr'><strong>Rsk.</strong></span> <span class='ocrx_word' id='word_1_227' title='bbox 459 3110 601 3179; x_wconf 74' lang='grc' dir='ltr'><strong><em>Ὶομικρῶ</em></strong></span> <span class='ocrx_word' id='word_1_228' title='bbox 618 3103 726 3177; x_wconf 91' lang='lat' dir='ltr'><strong><em>VM]</em></strong></span> <span class='ocrx_word' id='word_1_229' title='bbox 707 3127 745 3170; x_wconf 86' lang='grc' dir='ltr'><strong><em>ως</em></strong></span> <span class='ocrx_word' id='word_1_230' title='bbox 762 3109 852 3177; x_wconf 83' lang='grc' dir='ltr'><strong><em>μικρῷ</em></strong></span> <span class='ocrx_word' id='word_1_231' title='bbox 915 3102 1020 3161; x_wconf 84' lang='grc' dir='ltr'><strong><em>8οόδε</em></strong></span> <span class='ocrx_word' id='word_1_232' title='bbox 1039 3106 1074 3174; x_wconf 88' lang='lat' dir='ltr'><strong><em>V]</em></strong></span> 
     </span>
     <span class='ocr_line' id='line_1_30' title="bbox 59 3173 1075 3262; baseline -0.005 -30"><span class='ocrx_word' id='word_1_233' title='bbox 59 3173 112 3260; x_wconf 84' lang='grc' dir='ltr'><strong><em>ούΙ</em></strong></span> <span class='ocrx_word' id='word_1_234' title='bbox 131 3176 366 3262; x_wconf 55' lang='grc' dir='ltr'><strong><em>βουλῇῇβουλῇν</em></strong></span> <span class='ocrx_word' id='word_1_235' title='bbox 382 3180 419 3230; x_wconf 92' lang='lat' dir='ltr'><strong><em>H.</em></strong></span> <span class='ocrx_word' id='word_1_236' title='bbox 449 3180 511 3232; x_wconf 83' lang='lat' dir='ltr'><strong>vid.</strong></span> <span class='ocrx_word' id='word_1_237' title='bbox 531 3181 567 3231; x_wconf 81' lang='lat' dir='ltr'><strong><em>ad</em></strong></span> <span class='ocrx_word' id='word_1_238' title='bbox 583 3179 709 3233; x_wconf 87' lang='lat' dir='ltr'>Xenoh.</span> <span class='ocrx_word' id='word_1_239' title='bbox 728 3178 759 3229; x_wconf 84' lang='lat' dir='ltr'><strong><em>C.</em></strong></span> <span class='ocrx_word' id='word_1_240' title='bbox 778 3179 813 3228; x_wconf 90' lang='lat' dir='ltr'><strong><em>D.</em></strong></span> <span class='ocrx_word' id='word_1_241' title='bbox 832 3177 893 3256; x_wconf 90' lang='lat' dir='ltr'><strong>VII,</strong></span> <span class='ocrx_word' id='word_1_242' title='bbox 913 3179 937 3235; x_wconf 81' lang='lat'><strong><em>2,</em></strong></span> <span class='ocrx_word' id='word_1_243' title='bbox 956 3178 989 3226; x_wconf 85' lang='grc'><strong><em>26</em></strong></span> <span class='ocrx_word' id='word_1_244' title='bbox 1043 3178 1075 3227; x_wconf 88' lang='grc'><strong><em>10</em></strong></span> 
     </span>
     <span class='ocr_line' id='line_1_31' title="bbox 59 3196 1075 3327; baseline -0.007 -27"><span class='ocrx_word' id='word_1_245' title='bbox 59 3237 122 3302; x_wconf 73' lang='grc' dir='ltr'><strong><em>τότε</em></strong></span> <span class='ocrx_word' id='word_1_246' title='bbox 146 3246 183 3312; x_wconf 91' lang='grc' dir='ltr'><strong><em>Η]</em></strong></span> <span class='ocrx_word' id='word_1_247' title='bbox 207 3241 279 3299; x_wconf 85' lang='grc' dir='ltr'><strong><em>υνδε</em></strong></span> <span class='ocrx_word' id='word_1_248' title='bbox 350 3249 465 3297; x_wconf 77' lang='lat' dir='ltr'>110t12</span> <span class='ocrx_word' id='word_1_249' title='bbox 488 3240 542 3314; x_wconf 84' lang='grc' dir='ltr'><strong><em>τὴν</em></strong></span> <span class='ocrx_word' id='word_1_250' title='bbox 565 3243 621 3298; x_wconf 89' lang='grc' dir='ltr'><strong><em>τῶν</em></strong></span> <span class='ocrx_word' id='word_1_251' title='bbox 640 3196 709 3314; x_wconf 59' lang='grc' dir='ltr'><strong><em>νῇ</em></strong></span> <span class='ocrx_word' id='word_1_252' title='bbox 700 3244 756 3297; x_wconf 85' lang='grc' dir='ltr'><strong><em>τῶν</em></strong></span> <span class='ocrx_word' id='word_1_253' title='bbox 772 3244 812 3327; x_wconf 87' lang='lat'><strong>]</strong></span> <span class='ocrx_word' id='word_1_254' title='bbox 825 3237 880 3309; x_wconf 84' lang='grc' dir='ltr'><strong><em>τῇν</em></strong></span> <span class='ocrx_word' id='word_1_255' title='bbox 903 3247 969 3295; x_wconf 81' lang='lat' dir='ltr'><strong>ante</strong></span> <span class='ocrx_word' id='word_1_256' title='bbox 991 3242 1075 3325; x_wconf 85' lang='grc' dir='ltr'><strong><em>βασι-</em></strong></span> 
     </span>
     <span class='ocr_line' id='line_1_32' title="bbox 61 3300 1074 3394; baseline -0.004 -28"><span class='ocrx_word' id='word_1_257' title='bbox 61 3309 202 3369; x_wconf 86' lang='grc' dir='ltr'><strong><em>λεύουσαν</em></strong></span> <span class='ocrx_word' id='word_1_258' title='bbox 224 3314 308 3394; x_wconf 81' lang='lat' dir='ltr'>vulgo</span> <span class='ocrx_word' id='word_1_259' title='bbox 327 3315 446 3380; x_wconf 81' lang='lat' dir='ltr'><strong>positum</strong></span> <span class='ocrx_word' id='word_1_260' title='bbox 465 3331 517 3366; x_wconf 87' lang='lat' dir='ltr'><strong><em>om.</em></strong></span> <span class='ocrx_word' id='word_1_261' title='bbox 535 3317 560 3366; x_wconf 94' lang='lat' dir='ltr'><strong>V</strong></span> <span class='ocrx_word' id='word_1_262' title='bbox 629 3316 661 3364; x_wconf 87' lang='lat'><strong><em>14</em></strong></span> <span class='ocrx_word' id='word_1_263' title='bbox 684 3310 725 3372; x_wconf 86' lang='grc' dir='ltr'><strong><em>είς</em></strong></span> <span class='ocrx_word' id='word_1_264' title='bbox 743 3303 834 3364; x_wconf 84' lang='grc' dir='ltr'><strong><em>αύτόυ</em></strong></span> <span class='ocrx_word' id='word_1_265' title='bbox 851 3307 933 3379; x_wconf 87' lang='lat' dir='ltr'><strong>Rsk]</strong></span> <span class='ocrx_word' id='word_1_266' title='bbox 958 3303 1005 3363; x_wconf 85' lang='grc' dir='ltr'><strong><em>ἐπ’</em></strong></span> <span class='ocrx_word' id='word_1_267' title='bbox 1025 3300 1074 3362; x_wconf 87' lang='grc' dir='ltr'><strong><em>αύ-</em></strong></span> 
     </span>
     <span class='ocr_line' id='line_1_33' title="bbox 60 3376 1075 3462; baseline -0.002 -30"><span class='ocrx_word' id='word_1_268' title='bbox 60 3376 106 3434; x_wconf 84' lang='grc' dir='ltr'><strong><em>τόν</em></strong></span> <span class='ocrx_word' id='word_1_269' title='bbox 160 3385 194 3434; x_wconf 89' lang='grc'><strong><em>18</em></strong></span> <span class='ocrx_word' id='word_1_270' title='bbox 212 3381 296 3450; x_wconf 84' lang='grc' dir='ltr'><strong><em>κοινῇ</em></strong></span> <span class='ocrx_word' id='word_1_271' title='bbox 314 3379 380 3462; x_wconf 86' lang='grc' dir='ltr'><strong><em>τῶν]</em></strong></span> <span class='ocrx_word' id='word_1_272' title='bbox 399 3380 483 3448; x_wconf 84' lang='grc' dir='ltr'><strong><em>κοινῇ</em></strong></span> <span class='ocrx_word' id='word_1_273' title='bbox 501 3398 531 3433; x_wconf 85' lang='grc' dir='ltr'><strong><em>τε</em></strong></span> <span class='ocrx_word' id='word_1_274' title='bbox 549 3382 574 3432; x_wconf 93' lang='lat' dir='ltr'><strong>V</strong></span> <span class='ocrx_word' id='word_1_275' title='bbox 591 3381 636 3445; x_wconf 81' lang='lat' dir='ltr'><strong><em>(cf</em></strong></span> <span class='ocrx_word' id='word_1_276' title='bbox 655 3381 691 3430; x_wconf 83' lang='lat' dir='ltr'><strong><em>ad</em></strong></span> <span class='ocrx_word' id='word_1_277' title='bbox 705 3377 799 3460; x_wconf 72' lang='lat' dir='ltr'><strong>,⁷⁰c)›</strong></span> <span class='ocrx_word' id='word_1_278' title='bbox 818 3383 943 3432; x_wconf 85' lang='grc' dir='ltr'><strong><em>κινειται</em></strong></span> <span class='ocrx_word' id='word_1_279' title='bbox 961 3379 991 3429; x_wconf 90' lang='grc' dir='ltr'><strong>Μ</strong></span> <span class='ocrx_word' id='word_1_280' title='bbox 1041 3381 1075 3430; x_wconf 77' lang='lat'><strong><em>20</em></strong></span> 
     </span>
     <span class='ocr_line' id='line_1_34' title="bbox 60 3439 1073 3517; baseline -0.004 -15"><span class='ocrx_word' id='word_1_281' title='bbox 60 3441 118 3502; x_wconf 73' lang='grc' dir='ltr'><strong><em>οὔτ’</em></strong></span> <span class='ocrx_word' id='word_1_282' title='bbox 138 3453 183 3502; x_wconf 85' lang='lat' dir='ltr'><strong><em>bis</em></strong></span> <span class='ocrx_word' id='word_1_283' title='bbox 201 3446 273 3517; x_wconf 90' lang='lat' dir='ltr'><strong><em>VM]</em></strong></span> <span class='ocrx_word' id='word_1_284' title='bbox 299 3441 367 3502; x_wconf 84' lang='grc' dir='ltr'><strong><em>οότε</em></strong></span> <span class='ocrx_word' id='word_1_285' title='bbox 436 3452 466 3500; x_wconf 75' lang='lat'><strong><em>21</em></strong></span> <span class='ocrx_word' id='word_1_286' title='bbox 491 3441 566 3501; x_wconf 82' lang='grc' dir='ltr'><strong><em>αύτά</em></strong></span> <span class='ocrx_word' id='word_1_287' title='bbox 584 3445 652 3512; x_wconf 89' lang='lat' dir='ltr'><strong><em>VM]</em></strong></span> <span class='ocrx_word' id='word_1_288' title='bbox 676 3439 763 3507; x_wconf 76' lang='grc' dir='ltr'><strong><em>αὐτὸς</em></strong></span> <span class='ocrx_word' id='word_1_289' title='bbox 832 3439 955 3513; x_wconf 68' lang='grc' dir='ltr'><strong><em>θίέγ’</em></strong></span> <span class='ocrx_word' id='word_1_290' title='bbox 925 3463 1017 3514; x_wconf 89' lang='grc' dir='ltr'><strong><em>·ονοις</em></strong></span> <span class='ocrx_word' id='word_1_291' title='bbox 1036 3444 1073 3514; x_wconf 94' lang='lat' dir='ltr'><strong><em>V]</em></strong></span> 
     </span>
    </p>
   </div>
   <div class='ocr_carea' id='block_1_5' title="bbox 61 3510 867 3660">
    <p class='ocr_par' dir='ltr' id='par_1_5' title="bbox 61 3510 867 3660">
     <span class='ocr_line' id='line_1_35' title="bbox 61 3510 187 3584; baseline 0.024 -17"><span class='ocrx_word' id='word_1_292' title='bbox 61 3510 187 3584; x_wconf 78' lang='grc' dir='ltr'><strong><em>ἐκγόνοις</em></strong></span> 
     </span>
     <span class='ocr_line' id='line_1_36' title="bbox 828 3603 867 3660; baseline 0 -20"><span class='ocrx_word' id='word_1_293' title='bbox 828 3603 867 3660; x_wconf 67' lang='grc'><strong><em>8*</em></strong></span> 
     </span>
    </p>
   </div>
   <div class='ocr_carea' id='block_1_6' title="bbox 0 0 1229 3870">
    <p class='ocr_par' dir='ltr' id='par_1_6' title="bbox 0 0 1229 3870">
     <span class='ocr_line' id='line_1_37' title="bbox 0 0 1229 3870; baseline 0 0"><span class='ocrx_word' id='word_1_294' title='bbox 0 0 1229 3870; x_wconf 95' lang='lat' dir='ltr'><strong><em> </em></strong></span> 
     </span>
    </p>
   </div>
  </div>
 </body>
</html>
