2446 3870
156 144 216 209 126
246 134 248 141 ’
443 107 603 198 'mmm
619 143 870 196 ιιιειιαινοαιε

153 277 367 363 τριακοσίους
399 274 622 361 Σπαρτιατῶν
652 272 709 340 καί
739 269 801 339 τὸν
833 272 970 359 βασιλέα
1001 272 1079 362 περὶ
1110 271 1171 354 τάς

155 375 309 466 εἰσβολάς
335 381 394 466 τῆς
409 374 565 460 Ἑλλάδος
582 380 772 466 προέμενοι·
800 379 900 446 τοῦτο
915 372 1069 464 Ῥωμαῖοι
1088 387 1169 448 πολ-

154 484 247 567 λάκις
277 484 445 566 παθόντες
476 491 610 573 μείζονα
642 483 844 572 κατώρθουν
881 480 1036 573 ὕστερον·
1078 479 1096 553 ὃ
1125 482 1169 573 δὴ

154 593 210 660 καὶ
229 589 387 678 βασιλεὺς
409 594 538 660 ἐννοῶν
560 591 616 660 καὶ
635 590 845 678 λογιζόμενος
864 587 1020 677 οὐδαμῶς
1037 590 1167 679 ἐσφάλη

129 701 213 787 ,της
243 698 384 786 γνάμης.
434 693 507 767 ἀλλ’
542 700 674 788 ἐπείπερ
711 695 797 777 ἀπαξ
830 694 916 765 ἕκδν
948 691 965 764 ὁ
1004 696 1103 783 λόγος
1136 700 1197 779 ίςτ

154 807 253 874 τοῦτο
282 802 421 893 ἀφῖκται
438 805 495 874 καὶ
512 801 575 892 τὴν
593 801 732 873 εὔνοιαν
757 805 819 872 τοῦ
846 801 999 891 πλήθους
1025 804 1082 871 καὶ
1101 807 1186 873 τῶν

154 912 191 979 ἐν
217 913 302 980 τέλει
320 912 376 980 καί
402 913 471 980 τῶν
490 909 666 999 φυλάκων,
694 914 789 999 οἵπερ
813 907 855 997 δη
875 908 1169 996 ξυμφυλάττουσιν

154 1013 245 1109 αὐτῷ
285 1016 347 1105 την
388 1015 496 1108 ἀρχὴν
535 1019 592 1086 καὶ
629 1014 827 1105 ἀπείργουσι
862 1013 942 1096 τοὺς
977 1020 1168 1103 πολεμίους,

114 1128 328 1212 υδιηγεῑται·
370 1125 537 1211 βούλεσθε
577 1119 658 1211 ὑμῖν
695 1121 832 1211 ἐναργὲς
868 1130 949 1190 είπω
989 1120 1169 1212 τεκμήριον

153 1233 234 1317 χθές
264 1255 331 1299 που
362 1226 383 1317 ἢ
416 1231 472 1298 καὶ
503 1229 621 1321 πρῴην
652 1229 850 1317 γενόμενον,
887 1224 972 1319 ἀνὴρ
999 1231 1069 1296 τόν
1101 1231 1169 1298 ἐπι·
1184 1255 1210 1295 ιο

153 1338 346 1423 ταχθέντων
373 1350 443 1417 τοῖς
470 1338 507 1404 ἐν
535 1333 682 1425 Γαλατία
709 1333 957 1425 στρατοπέδοις·
991 1343 1061 1403 ίστε
1089 1343 1170 1416 ίσως

153 1443 209 1510 καὶ
236 1439 387 1530 τοῦνομα
415 1444 469 1511 καὶ
496 1441 557 1511 τὸν
583 1442 722 1530 τρόπον·
750 1439 880 1532 ὅμηρον
899 1446 1014 1530 φιλίας
1031 1443 1088 1510 καὶ
1114 1447 1168 1510 πί-

154 1569 256 1628 στεως
287 1544 445 1618 ἀπέλιπεν
478 1545 579 1624 οόδδν
612 1550 759 1639 δεομέυφ
797 1555 929 1635 βασιλεῖ
957 1545 1018 1616 τὸν
1050 1553 1168 1616 παῖδα·

154 1651 224 1722 εἶτα
250 1645 295 1743 ἦν
322 1651 537 1743 ἀπιστότερος
553 1658 622 1723 τῶν
640 1655 797 1741 λεόντων,
825 1648 876 1735 οἷς
895 1651 957 1724 οάκ
975 1659 1054 1742 ἐστι,
1073 1655 1169 1742 φησί,

152 1758 236 1848 πρὸς
264 1757 391 1849 ἀνδρας
419 1758 592 1853 [Ὅμηρος]
622 1758 720 1850 ὅρκια
747 1760 858 1847 πιστά,
886 1755 1041 1850 ἁρπάζων
1067 1787 1103 1829 τε
1131 1763 1169 1830 ἐκ
1182 1787 1208 1828 15

111 1869 224 1942 θεῶν
249 1867 381 1937 πόλεων
407 1866 448 1937 τά
475 1869 626 1959 χρήματα
653 1868 710 1936 καὶ
742 1869 912 1954 διανέμων
938 1881 1008 1948 τοϊς
1035 1869 1169 1937 ἐπιοῦσι

153 1973 335 2064 βαρβάροις
357 1976 413 2045 καὶ
437 1972 547 2063 ὥσπερ
570 1974 675 2064 λάτρα
701 1973 1000 2061 καταβαλλόμενος,
1027 1971 1105 2054 ἐξὸν
1122 1976 1169 2066 τῷ

153 2081 280 2173 σιδήρφ
308 2081 568 2172 παρασκευάζειν
596 2082 652 2150 καὶ
677 2077 719 2149 οὐ
736 2095 807 2160 τοῖς
824 2079 970 2170 χρήμασι
995 2091 1169 2149 ποιεῖσθαι

152 2185 214 2273 τὴν
242 2184 440 2275 ἀσφάλειαν·
469 2184 487 2256 ὁ
517 2187 555 2258 δὲ
582 2189 731 2268 ἐκείνους
748 2182 894 2282 ὑπήγετο
913 2184 971 2255 διά
997 2187 1066 2255 τῶν
1089 2214 1168 2275 χρη-

153 2291 266 2378 μάτων
293 2299 341 2372 είς
367 2291 517 2361 εόνοιαν·
546 2295 602 2362 καὶ
628 2295 721 2374 τέλος
740 2295 776 2362 ἐκ
802 2296 862 2381 τῆς
888 2296 1205 2380 γυναικωνίτιδοςεο

154 2393 354 2484 ἀνελόμενος
382 2393 543 2488 ἁλουργὲς
571 2399 702 2486 ίμάτιον
729 2408 859 2487 γελοῖος
882 2395 1017 2486 ἀληθῶς
1044 2398 1167 2489 τύραν-

152 2530 211 2584 νος
237 2505 294 2572 καὶ
320 2503 477 2593 τραγικὸς
504 2503 610 2587 ὅντως
637 2502 799 2594 ἀνεφάνη.
837 2508 986 2574 ἐνταῦθα
1015 2507 1051 2574 οί
1067 2525 1166 2595 στρα-

151 2612 266 2678 τιωται
291 2613 440 2697 χαλεπάς
466 2611 528 2700 μὲν
555 2611 646 2700 εἶχον
663 2610 747 2703 πρὸς
770 2609 832 2700 τὴν
859 2609 1027 2698 ἀπιστίαν,
1053 2614 1168 2700 θῆλυν

153 2713 191 2784 δέ
227 2711 288 2804 οόχ
324 2713 548 2805 ὑπομένοντες
583 2713 667 2808 ὁράν
708 2718 911 2787 ἐνδεδυκότα
947 2715 1070 2805 στολὴν
1106 2715 1167 2786 τὸν
1193 2730 1195 2734 ‘

98 2851 131 2898 ρο
152 2827 301 2891 δείλαιον
329 2825 521 2911 ἐπιθέμενοι
548 2823 805 2913 σπαράττουσιν,
834 2821 916 2894 οόδὲ
941 2820 1003 2892 τόν
1030 2826 1088 2911 της
1112 2844 1165 2892 σε-
1179 2850 1206 2890 ιι

235 3051 251 3098 9
274 3046 420 3126 διηγεῖται
441 3045 511 3112 VM]
537 3046 708 3128 διηγεισθαι
791 3050 821 3098 11
845 3051 907 3107 τοῖς
932 3063 983 3104 om
1005 3049 1064 3098 VM
1134 3050 1167 3097 14
1219 3065 1222 3071 ·

141 3103 790 3263 &35532‘2022„ffsssss‘bassffffz‘ffssne‘ssffss‘f
813 3108 1101 3263 Ιῗὶἒὶῗτδδιλῗὶ
1108 3131 1166 3262 ‘⁰53

141 3241 267 3330 Ὅμηρος
290 3201 393 3303 δόλενίλ
415 3251 562 3318 Heylerus.
598 3250 717 3317 Spectat
739 3247 818 3304 Iliad.
842 3267 874 3318 γ,
898 3252 947 3302 262
980 3251 985 3314 Ι
1015 3244 1105 3302 πιστὰ
1128 3243 1164 3302 τά

149 3307 233 3383 ὅρκια
254 3319 280 3371 V
349 3321 380 3370 18
398 3320 556 3372 πονεῖσθαι
573 3318 613 3370 V·
672 3323 704 3370 19
722 3288 890 3384 ἐπήγετοθ
965 3321 997 3369 22
1022 3311 1129 3396 ἐφάνη
1141 3318 1165 3366 V

149 3390 181 3438 23
211 3385 261 3438 καί
283 3392 346 3438 ante
376 3386 505 3454 χαλεπῶς
531 3387 613 3453 vulgo
643 3387 767 3438 additum
794 3386 897 3438 delevit
918 3387 1008 3449 Wytt
1040 3386 1045 3451 Ι
1077 3377 1150 3464 πρὸς

148 3452 242 3532 περὶ
231 3455 257 3504 V
288 3453 293 3517 Ι
324 3451 434 3533 θηλυν]
460 3455 502 3506 Cf.
520 3457 616 3521 Eurip
633 3456 735 3507 Bacch.
752 3456 814 3512 822,
834 3457 897 3517 830,
915 3455 965 3505 846
1036 3456 1070 3506 25
1093 3445 1149 3505 οόδ

134 3516 184 3584 Η]
199 3510 272 3572 οάτε
296 3522 306 3587 Ι
331 3515 382 3572 τὸν
400 3523 463 3576 εδδ.
480 3521 539 3573 VM
