2408 3856
131 155 173 219 64
431 155 573 206 IULIANI
595 154 843 205 IMPERATORIS

130 281 177 372 μὰ
204 288 273 357 Δία
305 282 451 362 πέπλους
482 287 739 370 παμποικίλους,
772 283 945 367 γυναικῶν
977 285 1059 370 ἔργα
1087 289 1169 353 Σι»
1201 292 1202 298 ’

132 395 282 474 δωνίων,
316 384 397 456 οὐδὲ
424 392 536 456 ἳππων
563 393 718 456 Νισαίων
744 388 848 474 κάλλη
881 387 937 455 καὶ
964 383 1148 476 χρυσοκολ-

79 516 112 567 51
131 495 241 584 λήνων
268 490 427 584 ἁρμάτων
453 490 710 584 ἀστράπτουσαν
732 502 862 581 αίγλην,
892 490 973 561 οὐδὲ
997 491 1063 581 τήν
1088 489 1148 562 Ἰν-

132 604 204 671 δῶν
230 607 332 670 λίθον
360 596 491 688 εὐανθῆ
523 601 579 669 καὶ
606 605 795 689 χαρίεσσαν.
841 605 950 668 καίτοι
978 626 1015 685 χε
1043 609 1077 668 εί
1099 626 1150 680 τις

132 709 243 777 ἐθέλοι
274 705 406 786 τούτοις
437 705 499 775 τὸν
530 709 616 775 νοῦν
652 709 826 797 προσέχων
858 707 1000 774 ἕκαστον
1032 701 1176 786 ἀξιούυτ

131 814 250 900 λόχου,
291 815 422 918 μικροή(
450 816 562 882 πᾶσαν
602 810 694 901 οἶμαι
730 811 792 900 τήν
824 807 971 901 Ὁμήρου
1011 817 1150 899 ποίησιν

132 916 354 1007 ἀποχετεύσας
376 917 428 1005 ᾔι
456 919 608 1007 δεήσεται
636 919 761 1006 λόγων,
793 920 848 987 καλ
877 915 940 987 οὐκ
967 915 1150 1008 ἀποχρήσει

133 1027 187 1094 σοὶ
219 1026 311 1118 μόνῳ
344 1023 385 1093 τά
417 1025 563 1114 ξύμπασι
595 1027 779 1113 ποιηθέντα
810 1039 880 1105 τοϊς
911 1019 1065 1113 ἡμιθέοις
1097 1026 1149 1110 ἐχ-

132 1132 248 1221 κῶμια.
293 1129 471 1220 ἀρξώμεθα
511 1132 548 1200 δδ
585 1128 650 1200 ἀπὸ
690 1134 752 1200 τού
793 1131 962 1220 σκήπτρου
1003 1133 1149 1219 πρῶτον,

133 1244 164 1307 εί
190 1238 315 1325 βούλει,
344 1238 476 1324 καὶτῆς
494 1243 664 1324 βασιλείας
691 1234 802 1324 αὐτῆς.
837 1243 874 1305 τί
889 1234 952 1327 γὰρ
981 1236 1024 1324 δή
1044 1257 1150 1325 φησιν
1163 1258 1188 1298 1⁰

92 1339 152 1412 Βὸ
180 1340 319 1431 ποιητής
350 1344 500 1410 ἐπαινεῖν
528 1338 657 1411 ἐθέλων
689 1347 746 1432 τής
777 1346 846 1412 τῶν
872 1346 1073 1412 Πελοπιδῶν
1102 1348 1149 1412 οί-

132 1454 205 1530 νίας
235 1446 298 1538 τήν
326 1443 528 1538 ἀρχαιότητα
555 1450 612 1518 καὶ
644 1446 681 1519 τὸ
710 1451 852 1537 μέγεθος
878 1453 937 1548 τής
968 1444 1166 1538 ήχεμονίας·
1198 1500 1202 1509 „

132 1556 360 1637 ἐνδείξασθαη

342 1676 420 1747 Ἀνά
448 1678 486 1748 δὲ
512 1685 634 1770 κρείων
659 1676 872 1768 Ἀγαμέμνων

204 1800 305 1891 Ἕστη
338 1806 508 1893 σκῆπτρον
545 1810 645 1892 ἔχων,
682 1801 719 1872 τὸ
753 1803 816 1895 μὲν
844 1801 1029 1892 Ἥφαιστος
1066 1804 1150 1892 κάμε
1164 1823 1189 1864 15

132 1910 270 1997 τεύχων,
298 1910 353 1980 καὶ
382 1915 485 1979 ἔδωκε
504 1916 575 1997 Διί,
604 1905 622 1980 ὃ
652 1909 689 1980 δὲ
707 1913 753 2002 τῷ
780 1913 838 1999 τής
855 1917 971 1991 Μαίας
997 1909 1053 1978 καί
1072 1912 1149 1978 ἑαυ-

132 2020 194 2087 τοῦ
221 2021 331 2104 παιδί,
355 2012 505 2107 Ἑρμείας
533 2016 570 2085 δὲ
598 2013 681 2098 ἀναξ
710 2018 796 2085 δῶκε
824 2017 853 2103 [,
882 2012 900 2085 ὁ
928 2015 980 2103 δὲ]
1009 2016 1149 2103 Πέλοπι,

132 2126 247 2205 Πέλοψ
275 2123 313 2192 δὲ

347 2224 428 2296 δῶκ’
455 2225 559 2317 Ἀτρέι
586 2229 718 2315 ποιμένι
746 2231 845 2296 λαῶν.

211 2330 342 2421 Ἀτρεύς
369 2331 408 2400 δέ
434 2333 595 2420 θνήσκων
623 2338 712 2402 ἔλιπε
739 2334 904 2424 πολύαρνι
934 2335 1077 2423 Θυέστῃ·
1164 2354 1189 2394 2⁰

94 2453 114 2508 O
213 2436 330 2527 Αύτάρ
364 2435 415 2525 ὅγ’
450 2430 531 2507 αύτε
564 2435 685 2509 Θυέστ’
718 2436 938 2529 Ἀγαμέμνονι
970 2443 1057 2510 δῶκε
1082 2466 1150 2528 φο·

179 2578 182 2583 ’
986 2549 1101 2635 θῆναι,

213 2654 384 2740 Πολλῇσιν
410 2651 544 2740 νήσοισι
571 2652 627 2720 καὶ
646 2648 761 2742 ’Ἀρνεί
786 2653 885 2721 παντὶ
912 2649 1083 2722 ἀνάσσειν.

134 2771 217 2863 αὕτη
250 2795 303 2843 σοι
339 2778 397 2863 τής
429 2778 628 2844 Πελοπιδῶν
664 2781 771 2856 οίκίας
803 2772 823 2864 ἡ
857 2783 1069 2865 χενεαλοχία,
1104 2784 1152 2859 είς

132 2896 219 2972 τρεῖς
247 2878 327 2951 οὐδὲ
355 2878 435 2963 ὅλας
453 2888 593 2970 μείνασα
621 2881 749 2970 ηενεάς·
776 2881 817 2950 τά
835 2910 873 2969 γε
900 2880 967 2973 μήν
994 2885 1054 2971 τής
1071 2879 1149 2973 ήμε-
1164 2899 1191 2941 25

200 3052 216 3099 2
239 3047 335 3102 ἵππων
353 3046 423 3115 VM]
446 3047 504 3100 τῶν
522 3047 618 3100 ἵππων
644 3047 649 3112 Ι
675 3047 814 3102 νισσαίωυ
831 3049 857 3099 V
925 3053 942 3101 4
965 3043 1053 3102 λίθον
1076 3048 1148 3117 VM]

134 3114 227 3197 λίθων
283 3109 420 3194 δέθέλει
438 3113 486 3180 Vl
510 3107 643 3198 ἀξιῶν]
699 3116 899 3194 θσμικροῌ
951 3110 1151 3200 ἵάτιοχρήσοι
1190 3120 1196 3129 ”

116 3201 211 3250 μονα
233 3185 258 3235 V
327 3182 494 3250 8ξυμπασι
516 3184 551 3264 V]
574 3195 701 3249 συμπασι
770 3187 921 3268 θηρωτον
943 3181 987 3252 Η]
1009 3202 1151 3251 προτερον

133 3251 238 3370 ἀάλτλῐος
252 3247 699 3372 ἱάἀάμοάίναςτγΜάδιζάμίάίάἀλ
722 3252 1148 3386 ἕαάἀιτοῶνῖᾩάιίάξυάδῶάαᾱοῶ,

132 3337 252 3440 εεηλοοά
272 3359 346 3439 ot'fl.
421 3390 454 3438 17
477 3385 552 3439 δῶκε
569 3415 603 3424 ·-
621 3382 724 3452 Πέλοψ
748 3383 781 3440 δὲ
804 3404 855 3440 om.
880 3389 953 3453 VM,
981 3381 997 3440 ὁ
1026 3339 1072 3442 δέε
1088 3357 1150 3442 cuni

131 3454 245 3506 Reiskio
266 3455 369 3506 Inelusi
437 3458 468 3505 21
493 3445 566 3522 ὄχ’]
590 3445 705 3512 δΗοω.
730 3455 736 3520 Ι
759 3453 844 3523 δῶκε]
866 3457 950 3509 λεῖπε
966 3457 1046 3508 Hom.
1116 3458 1149 3508 23

124 3519 250 3585 πολλῇσι
270 3522 329 3572 VM
397 3525 431 3572 24
448 3520 503 3588 σοι]
520 3538 566 3575 τοι
583 3525 611 3574 Η
