2446 3870
482 180 620 231 οιιενιο
639 182 685 232 νε.
1021 179 1084 245 263

70 306 131 376 τὸν
159 309 297 395 Ξέρξην,
325 303 371 386 ὡς
398 302 416 375 ὁ
447 310 683 395 Θεμιστοκλῆς,
711 303 731 394 ἢ
759 302 821 377 τὸν
848 317 1011 397 Δαρεῖον,
1040 304 1085 388 ὡς

72 409 89 481 ὁ
132 411 302 482 Μακεδὼν
341 409 562 500 Ἀλέξανδρος.
617 419 648 481 εί
687 411 808 503 σμικρὰ
849 411 908 493 τὰς
944 420 1084 500 βίβλους

71 517 250 587 ἀνελίττων
288 521 438 606 έμελέτας
474 516 584 607 ὥσπερ
625 515 718 607 ἡμεῖς
755 524 791 588 οἱ
824 521 987 589 πολιτικοὶ
1028 522 1083 587 καὶ

70 625 359 713 πολυπράγμονες,
396 631 501 711 ἔγνως
538 622 596 711 ἄν,
634 623 724 706 ὅπως
754 623 966 711 Ἀλέξανδρος
1003 622 1083 710 ιἰγα-

42 735 198 819 5σθῆναι
230 733 358 817 λέγεται
389 728 451 818 τὴν
484 733 671 816 Διογένους
703 737 961 819 μεγαλοψυχίαν.
1007 728 1122 799 ιἰλλὈ

70 835 131 906 ούκ
165 843 233 905 ἔστι
266 858 321 905 σοι
346 835 476 905 τούτων
504 833 620 923 οὐδέν,
654 832 699 917 ιός
731 839 804 925 ἐμοὶ
837 842 944 923 δοκεῖ,
978 858 1081 905 σπου-

70 949 181 1012 δαῖον·
209 943 332 1025 πόθους
360 946 486 1012 πολλοῦ
514 969 550 1030 γε
575 945 631 1011 καὶ
660 948 722 1012 ost·
751 946 922 1030 γυναικῶν
951 940 1082 1012 ἀθλίων

69 1050 283 1137 τεθαύμακας
311 1052 421 1136 φιλῶν
447 1037 570 1138 νεκρὸν
596 1056 682 1136 βίον.

135 1155 195 1224 Εἰ
224 1156 286 1243 μὲν
322 1147 386 1225 οὖν
418 1151 436 1225 ό
470 1156 569 1242 λόγος
604 1183 636 1223 τι
671 1157 774 1224 πλέον
811 1157 982 1243 ἐποίησεν,
1020 1151 1083 1223 οὐκ

29 1277 55 1314 ¹0
71 1260 152 1349 ἐμὸν
179 1261 306 1348 μᾶλλον
333 1259 353 1350 ἢ
383 1261 445 1330 σόν
472 1265 540 1330 ε’στι
559 1263 689 1349 κέρδος·
718 1267 749 1331 εί
775 1260 812 1329 δὲ
841 1257 943 1330 οὐδὲν
969 1267 1084 1349 περαί-

70 1395 173 1454 νομεν
206 1371 242 1436 ἐκ
273 1372 335 1437 τοῦ
366 1371 564 1457 παραχρῆμα
595 1369 671 1456 περὶ
703 1371 771 1436 τῶν
802 1368 966 1437 τοιούτων
999 1363 1083 1454 [ἂν]

71 1471 231 1543 ἀπνευστὶ
267 1473 305 1543 τὸ
343 1472 385 1563 δὴ
421 1473 602 1562 λεγόμενον
643 1480 868 1563 συνείραντες·
910 1479 979 1543 ἔστι
1020 1472 1084 1559 γὰρ

70 1581 239 1669 πάρεργον
265 1576 407 1669 ἡμέραιν
434 1585 545 1667 δυοῖν,
573 1576 617 1660 ὦς
636 1589 749 1648 ἴσασιν
767 1584 805 1648 αλ
825 1583 976 1665 Μοῦσαι,
1003 1581 1084 1667 μᾶλ-

72 1694 131 1755 λον
165 1686 202 1755 δέ
234 1688 290 1755 καὶ
322 1685 435 1768 αὐτός·
589 1682 696 1755 ὁπόσα
729 1684 881 1774 πρόσθεν
918 1685 1085 1773 ε’γνωκεις,

30 1806 58 1845 15
73 1789 152 1880 ἡμῖν
181 1791 217 1862 δέ
236 1789 278 1862 ού
305 1793 519 1882 μεταμελήσει
537 1796 596 1881 τῆς
624 1798 671 1873 είς
692 1790 754 1861 τόν
772 1790 881 1881 ἄνδρα
909 1788 1084 1879 εὐφημίας.

119 1990 305 2049 δούδένΗ
339 1988 430 2050 ούθὲν
499 1996 631 2062 8φιλων
650 1993 765 2064 νεκρόν]
787 1996 982 2080 φιλονεικωνλ
1055 1999 1086 2044 10

14 2128 15 2131 ¹
72 2058 163 2117 οὐδὲν
180 2065 249 2132 Pet]
269 1995 347 2118 ουόὲ.
326 2061 443 2131 &Ego
461 2067 570 2131 requiro
589 2060 681 2129 μηδὲν
767 2069 798 2116 11
818 2059 969 2129 τοιούτων]
989 2062 1083 2112 Malim

71 2125 215 2184 τοσούτων
247 2122 301 2198 Ι
284 2150 321 2185 αν
344 2149 405 2183 cum
428 2135 540 2184 Reiskio
565 2133 774 2227 expungendum
798 2149 860 2184 esse
884 2147 983 2183 censeo
1055 2133 1088 2179 14

73 2201 140 2253 Rsk.
159 2203 337 2266 suspicatur
333 2196 442 2253 μᾶλλον
461 2195 493 2252 δὲ
511 2197 561 2252 καλ
580 2216 614 2252 ον
633 2213 735 2260 αντος·
753 2196 941 2266 παραμενέτω
959 2194 1012 2265 μίν
1031 2212 1086 2260 σοι,

72 2261 166 2320 ὁπόσα
185 2297 217 2305 -
