2446 3870
149 153 210 218 150
447 156 590 207 mmm
611 154 855 208 τιτΡιιιιινοιαε
930 205 933 209 ,

147 294 207 352 σεν
234 279 358 370 ἀγαθοί,
386 283 499 364 ξενίαν
519 282 556 351 δὲ
575 280 640 374 ὅτω
663 281 747 371 πρὸς
764 279 844 363 τούς
862 285 990 370 ἐκείνης
1017 284 1162 373 πατέρας

147 385 344 478 ύπόρξασαν
371 395 472 476 ἔγνω,
506 385 568 457 ούκ
599 386 767 476 ιἰνόνητον
799 387 906 477 ἀφηκε
937 403 1007 470 τοῖς
1038 411 1161 478 κτησα-

147 497 269 582 μένοις,
296 498 373 586 τιμᾷ
393 495 430 563 δὲ
449 493 614 583 οἶμαικαὶ
641 494 782 575 τούτους
799 495 951 584 καθάπερ
980 496 1161 584 ξυγγενεῖς,

146 603 202 671 καὶ
231 599 332 681 ὅσους
354 599 557 690 τοῦπατρὸς
585 600 717 688 ἐνόμισε
741 608 872 688 φίλους,
900 598 1024 670 ἅπασιν
1052 608 1162 691 ἔνειμε

102 710 205 795 Βτῆς
237 714 350 795 φιλίας
382 697 512 776 ἔπαθλα
543 707 732 795 θαυμαστά.
777 705 841 793 ἐγω
874 709 926 794 δέ,
959 708 1071 796 ἐπειδή
1104 735 1191 798 μοιε

146 819 333 904 τεκμηρίων
364 813 518 904 καθάπερ
550 816 588 882 ἐν
619 818 830 905 δικαστηρίῳ·
859 813 920 882 τὸν
955 813 1060 900 λόγον
1092 811 1161 905 ὁρῶ

147 920 319 1009 δεόμενον,
347 918 448 1002 αὐτὸς
474 915 556 1009 ύμῖν
584 918 730 1008 ἐμαυτὸν
756 918 885 989 τούτων
912 922 1050 989 ἐκείνων
1078 922 1161 1011 μόρ-

146 1051 231 1117 τυρα
262 1029 317 1096 καὶ
350 1027 526 1114 ἐπαινέτην
557 1028 751 1116 παρέξομαι·
790 1022 860 1095 ἀλλ’
895 1023 985 1106 ὅπως
1016 1054 1083 1114 μου
1115 1029 1161 1117 μή

146 1157 224 1203 ποτε
251 1129 449 1221 ύπιδόμενοι
475 1131 538 1220 τὴν
564 1138 752 1222 μαρτυρίαν
774 1133 855 1222 πρὶν
882 1134 1065 1202 ἐπακούσαι
1091 1136 1162 1203 τῶν

147 1239 257 1326 λόγων
276 1238 552 1329 διαταράττησθε,
580 1235 705 1325 όμνυμι
724 1233 817 1325 ύμῖν,
845 1233 890 1319 ὡς
908 1235 1010 1307 οὐδὲν
1033 1242 1163 1322 ψεῦδος
1178 1260 1205 1310 '10

147 1341 227 1413 οὐδὲ
255 1344 388 1433 πλάσμα
416 1346 493 1433 ἐρῶ·
522 1339 616 1432 ὑμεῖς
644 1344 681 1412 δέ
700 1345 756 1412 καὶ
780 1341 942 1436 ἀνωμότῳ
971 1345 1162 1416 πιστεύσετε

96 1450 286 1531 ιινπόντως
314 1447 356 1518 ού
387 1455 561 1531 κολακείας
592 1451 689 1519 ἕνεκα
720 1451 860 1537 λέγοντι.
906 1457 969 1538 ἔχω
1002 1449 1066 1541 γὰρ
1093 1450 1161 1541 ἤδη

145 1558 207 1624 τού
241 1559 327 1625 θεοῦ
364 1556 520 1637 διδόντος
560 1558 616 1625 καὶ
652 1559 715 1627 τού
750 1559 912 1644 βασιλέως
953 1554 1084 1627 ἅπαντα
1120 1558 1162 1628 τὰ

146 1658 275 1750 ἀγαθά,
308 1660 415 1731 αύτού
445 1688 480 1732 τε
512 1661 605 1750 οἶμαι
637 1665 693 1731 καὶ
725 1660 828 1751 αύτῆς
859 1663 982 1751 ταύτης
1015 1665 1161 1755 ξυμπρο-

144 1769 378 1858 θυμουμένης,
405 1765 502 1859 ’ὑπὲρ
540 1760 589 1837 ὧν
630 1766 673 1838 ἄν
708 1795 758 1850 τις
797 1769 991 1851 κολακεύων
1029 1767 1160 1841 ἅπαντα
1176 1799 1204 1840 15

146 1871 246 1964 ιἰφείη
284 1876 428 1967 ῥήματα,
466 1873 564 1962 ὥστε,
601 1881 633 1944 εί
667 1875 729 1963 μέν
764 1875 829 1965 πρὸ
865 1876 996 1945 τούτων
1032 1882 1160 1966 ἔλεγον,
1191 1908 1192 1912 ’

146 1991 226 2064 ἴσως
258 1985 358 2073 ἐχρῆν
390 1979 554 2074 ὀρρωδεῖν
585 1980 648 2071 τὴν
681 1979 800 2052 ἄδικον
827 1978 990 2064 ὑποψίαν·
1023 1986 1089 2052 νῦν
1123 1986 1160 2053 δὲ

145 2091 182 2157 ἐν
209 2089 313 2180 ταύτη
340 2087 488 2178 γεγονὼς
514 2091 554 2178 τῇ
580 2089 663 2178 τύχη
691 2089 747 2157 καὶ
774 2085 1064 2176 ἀπομνημονεύων
1091 2094 1161 2160 τῶν

146 2197 273 2284 ἐκείνης
305 2201 352 2277 είς
384 2193 529 2283 ἐμαυτὸν
560 2200 668 2284 ἔργων
700 2191 881 2285 παρέξομαι
914 2190 994 2282 ύμῖν
1032 2192 1158 2283 εύγνω-

145 2300 294 2387 μοσύνης
320 2300 382 2388 μὲν
410 2303 555 2388 ἐμαυτοῦ
583 2315 732 2388 σημεῖον,
759 2301 946 2392 μαρτύριον
969 2301 1007 2370 δὲ
1035 2298 1160 2390 ἀληθὲς
1174 2328 1201 2371 νο

105 2408 215 2475 Βτῶν
246 2408 375 2493 ἐκείνης
411 2412 529 2496 ἔργων.
574 2407 792 2495 πυνθάνομαι
824 2405 887 2498 γὰρ
925 2406 967 2495 δὴ
999 2409 1054 2476 καὶ
1088 2419 1160 2478 Δα-

146 2526 249 2601 ρεῖον,
277 2513 339 2593 ἕως
366 2517 414 2580 ἔτι
441 2511 634 2602 δορυφόρος
661 2504 705 2600 ἦν
726 2516 949 2604 τούόἶερσῶν
977 2514 1178 2605 μονόρχου,.

145 2620 191 2711 τῷ
219 2623 338 2711 Σαμίῳ
367 2619 449 2710 ξένω
477 2619 552 2708 περὶ
580 2617 642 2707 τὴν
661 2627 837 2707 Αἴγυπτον
864 2627 1049 2709 συμβαλεῖν
1078 2623 1160 2710 φεύ-

145 2744 239 2814 γοντι
266 2723 329 2812 τὴν
356 2718 473 2811 αύτού,
500 2726 557 2793 καὶ
576 2725 721 2813 λαβόντα
741 2731 913 2815 φοινικίδα
931 2724 1007 2795 τινὰ
1036 2731 1159 2818 δῶρον,

229 2988 245 3036 2
269 2969 414 3052 ἀνόνητον
430 2982 503 3052 VM]
523 2976 655 3050 ἀνόητον
734 2988 749 3036 7
773 2979 902 3053 ἐκείνων]
929 2981 1030 3038 ἐκείνω
1048 2984 1102 3069 ζει.
1122 2987 1161 3052 τῷ

146 3045 230 3123 λόγῳ)
248 3055 288 3117 Η,
314 3043 417 3104 ἴκανὸν
435 3054 466 3104 Β.
484 3052 643 3103 Ρεὶοᾶοτίοὶι
713 3056 728 3103 9
751 3045 924 3118 ύπιδόμενοι
944 3037 1022 3121 0011]
1042 3053 1163 3108 υττειδό·

146 3137 228 3186 μενοι
299 3124 330 3170 10
353 3114 588 3186 διαταραττησθε
612 3116 646 3201 VJ
671 3114 916 3200 διαταράττοιοθε
991 3125 1022 3173 11
1046 3121 1164 3177 πιστεύ·

147 3203 215 3239 σατε
234 3189 266 3252 V,
293 3179 349 3238 νύν
368 3182 506 3256 α’νωμότφ
524 3181 709 3240 ἐπιστευοατε
726 3206 823 3240 παντα
841 3216 874 3224 -
894 3185 987 3254 λέγειν
1005 3190 1073 3242 Oob.
1130 3195 1161 3244 12

146 3249 260 3315 πάντως
278 3253 312 3322 V]
336 3248 434 3308 πάντα
503 3258 535 3306 14
559 3249 649 3307 αὐτοῦ
667 3253 707 3321 τε]
731 3251 822 3322 αὐτῆς
840 3272 869 3306 τε
887 3257 912 3307 V
945 3257 949 3321 Ι
981 3250 1089 3322 ταύτης
1107 3274 1159 3314 om.

146 3323 183 3377 M.
214 3322 396 3374 scribendum
414 3324 480 3374 mihi
502 3323 611 3374 videtur
630 3314 720 3389 αύτὴς
742 3341 774 3390 γε
793 3319 873 3406 οἶμαι
896 3321 947 3375 καλ
965 3319 1074 3442 ταύτης
1094 3325 1163 3395 ξυμ-

146 3385 393 3474 προθυμονμένης
463 3393 494 3470 36
512 3381 602 3474 οἷφείη
621 3393 648 3440 Η
667 3395 695 3469 gt
714 3388 790 3457 Cob.]
810 3392 887 3458 αφίη
904 3386 1001 3478 (α’φίερ
1019 3395 1054 3457 Μ,
1131 3398 1163 3447 19

137 3457 734 3586 ssgssssuouvfflgffffltgg§mmmm
803 3462 835 3511 23
858 3458 1016 3526 συμβαλειν
1034 3458 1071 3526 VJ
1094 3460 1164 3529 ξυμ-
