2416 3864
459 141 594 217 offlmo
615 141 689 191 v111.
747 125 753 139 '
1011 141 1071 205 321

58 273 171 353 νοίας,
203 268 389 355 καθέξομίν
420 295 455 337 τε
482 265 646 356 ἀλλήλους
672 262 710 335 ἐν
740 281 812 348 ταῖς
844 269 973 336 ἕαυτῷν
1001 274 1073 337 δια-

58 379 169 454 νοίαις
207 375 410 461 ἱδρυμένους
446 371 557 462 ὥσπερ
586 370 774 461 ἀγάλματα.
819 375 875 441 καὶ
911 377 977 442 νῦν
1013 374 1075 462 μὲν

59 477 125 566 ἐγω
152 476 213 547 τὸν
238 475 488 569 Ἀναξαγόραν,
512 471 613 561 αὖθις
640 479 678 547 δὲ
705 481 830 560 ἐκεῖνος
863 476 979 560 όφεται
1006 482 1073 568 ἐμέ·

59 585 182 654 κωλύει
218 585 256 653 δὲ
288 582 391 654 οῦδὲν
427 587 482 655 καὶ
515 583 583 674 ἅμα
619 586 753 672 βλέπειν
789 583 966 674 ἀλλήλους,
999 582 1118 674 ούχὶΙ)

35 698 181 781 οσαρκία
213 691 269 759 καὶ
301 693 406 778 νεῦρα
442 693 498 760 καὶ
529 693 662 781 μορφῆς
692 691 847 778 τύπωμα,
884 693 1004 780 στέρνα
1040 719 1074 760 τε

15 788 18 792 ’
60 799 274 885 ἐξεικασμένα
310 794 393 886 πρὸς
434 795 620 887 ἀρχέτυπον
661 785 829 886 σώματος·
870 803 979 866 καίτοι
1019 801 1074 866 καὶ

59 907 158 972 τοῦτο
188 902 309 971 κωλύει
340 901 444 991 τυχὸν
472 900 574 972 ούδδν
600 917 672 982 ταῖς
705 907 871 984 διανοίαις
897 899 992 998 ἡμῶν
1020 906 1074 991 ε’μ-

61 1015 260 1095 φαίνεσθαι·
289 1005 361 1076 ἀλλ’
392 1015 439 1090 εἰς
465 1008 527 1096 τὴν
555 1005 677 1098 ἀρετὴν
704 1010 759 1077 καὶ
782 1006 842 1090 τὰς
859 1010 992 1098 πράξεις
1019 1013 1074 1078 καὶ

59 1113 139 1196 τοῦς
171 1115 294 1201 λόγους
325 1116 380 1183 καὶ
407 1114 466 1196 τὰς
494 1112 623 1204 ὁμιλίας
655 1116 710 1183 καὶ
738 1113 796 1195 τὰς
828 1115 1003 1202 ἐντεύξεις,
1036 1113 1075 1197 ἀς
1157 1145 1160 1151 ·

27 1239 49 1280 1⁰
60 1221 218 1300 πολλάκις
250 1208 478 1309 ἐποιησάμεδα
510 1217 578 1309 μετ’
614 1217 780 1308 ἀλλήλων,
819 1217 881 1289 οῦκ
919 1219 1076 1309 ἀμούσως

60 1323 245 1415 ὑμνοῦντες
272 1332 441 1407 παιδείαν,
455 1329 510 1396 καὶ
539 1327 760 1414 δικαιοσύνην
783 1326 919 1396 καὶτὸν
946 1330 1074 1417 ἐπιτρο-

60 1433 207 1502 πεύοντα
234 1435 320 1501 νοῦν
338 1431 377 1500 τὰ
400 1430 511 1521 θνητὰ
530 1434 585 1501 καί
612 1431 654 1501 τὰ
681 1430 891 1522 ἀνθρώπινα,
919 1436 975 1502 καὶ
994 1435 1127 1524 περλειε

60 1543 226 1619 πολιτείας
253 1539 307 1607 καλ
326 1538 442 1627 νόμων
468 1539 524 1608 καὶ
542 1538 676 1628 τρόπων
704 1535 822 1628 ἀρετῆς
840 1541 895 1608 καί
923 1543 1076 1628 χρηστῶν
1152 1588 1155 1594 ‚

24 1732 26 1735 .
61 1644 330 1732 ἐπιτηδευμάτων
357 1645 544 1731 διεξιόντες,
572 1641 635 1714 ὅσα
653 1672 690 1730 γε
710 1640 789 1731 ἡμῖν
808 1648 845 1713 ἐν
872 1648 978 1736 καιρῷ
997 1646 1075 1714 τού-

28 1766 49 1806 1⁵
60 1778 127 1818 των
155 1752 385 1839 μεμνημένοις.
430 1754 534 1819 ταῦτα
562 1752 768 1836 ἐννοοῦντες,
795 1750 927 1831 τούτοις
953 1751 1074 1840 τρεφό-

61 1883 154 1942 μενοι
185 1871 255 1937 τοϊς
287 1850 438 1937 εἰδώλοις
469 1855 572 1944 τυχὸν
604 1853 667 1924 οῦκ
695 1853 838 1944 ὀνείρων
870 1860 1075 1945 νυκτερινῶν

61 1962 242 2050 ίνδάλμασι
274 1964 478 2051 προσεξομευ
511 1959 591 2031 οῦδδ
622 1960 703 2031 κενὰ
736 1963 791 2029 καὶ
819 1960 941 2048 μάταια
972 1983 1075 2051 προσ-

60 2075 159 2154 βαλεῐ
183 2071 229 2160 τῷ
258 2071 305 2160 νῷ
334 2068 554 2156 φαντάσματα
580 2070 736 2156 πονηρῷς
759 2062 825 2135 ῦπδ
853 2069 912 2154 τῆς
929 2070 992 2135 τοῦ
1011 2068 1075 2136 σῷ·
1167 2117 1169 2120 -

60 2201 162 2260 ματος
189 2175 336 2264 κράσεως
363 2184 522 2263 αἴσθησις
550 2175 748 2261 διακειμένη.
786 2169 867 2242 ούδδ
886 2172 949 2262 γὰρ
969 2170 1091 2262 αὐτὴν.
1150 2165 1152 2167 ’

28 2279 327 2370 λοπαραληψόμεθα
367 2279 429 2368 τὴν
470 2290 632 2368 αἴσθησιν
673 2275 857 2368 ῦπουργεῖν
897 2274 978 2367 ἡμῖν
1018 2281 1116 2348 καλΒ

60 2382 313 2475 ὑπηρετεῖσθαι·
346 2383 418 2456 ἀλλ’
453 2383 641 2473 ἀποφυγών
675 2383 783 2473 αύτην
815 2381 833 2454 ὁ
866 2389 948 2466 νοῦς
980 2388 1074 2474 ἐμμε·

60 2491 189 2580 λετήσει
215 2492 347 2573 τούτοις
372 2491 458 2581 πρὸς
484 2493 689 2580 κατανόησιν
707 2493 763 2560 καὶ
782 2491 991 2581 συνεθισμὸν
1008 2496 1076 2561 τῷν

61 2595 247 2686 ἀσωμάτων
275 2598 532 2688 διεγειρόμενος·
565 2602 613 2691 νῷ
642 2596 706 2687 γὰρ
739 2595 780 2685 δη
809 2599 865 2666 καὶ
896 2601 942 2690 τῷ
971 2606 1076 2687 κρείτ-

59 2731 132 2772 τονι
161 2704 337 2793 σύνεσμεν,
365 2705 421 2772 καί
442 2703 484 2772 τὰ
501 2702 564 2792 τὴν
592 2714 753 2791 αἴσθησιν
781 2700 1002 2790 ἀποφυγόντα
1020 2705 1076 2772 καὶ

111 2892 145 2943 ‘3
168 2883 273 2956 ὄψεται
291 2883 339 2956 ε’μέ
358 2889 395 2956 Η]
414 2883 523 2956 ὄψεταί
538 2908 574 2957 με
643 2892 729 2942 4et5
752 2881 805 2942 οῦκ
825 2886 866 2950 είς
885 2888 988 2953 σαρκία
1007 2890 1076 2941 Rsk.

62 2961 146 3010 bete
164 2953 268 3022 στέρνα
285 2975 316 3011 τε
336 2953 526 3024 ἐξεικασμένα
544 2961 573 3009 Μ
591 2963 628 3022 et,
647 2963 680 3008 ut
696 2957 824 3020 videtur,
843 2959 875 3018 V,
894 2972 958 3007 nam
977 2959 1007 3007 in
1024 2955 1077 3007 hoc

60 3027 164 3092 partim
188 3028 238 3077 sub
266 3027 377 3077 macula
402 3027 501 3082 latent.
537 3026 626 3092 Vulgo
653 3025 755 3091 legitur
781 3037 892 3089 στερ...
921 3016 1076 3088 ἐξείκασμα

61 3093 146 3160 (pet.)
170 3098 219 3144 aut
244 3091 367 3156 στέρνων
390 3109 421 3145 τε
445 3085 600 3158 ἐξείκασμα
627 3091 758 3159 (spanh.).
794 3091 890 3141 Sumta
917 3095 981 3141 sunt
1007 3091 1078 3141 haee

60 3161 474 3218 verbaexEur.Phoen,165
543 3163 575 3211 14
594 3155 624 3211 ἐν
643 3155 733 3223 καιρῷ
752 3150 823 3225 ἡμῖν
841 3160 877 3208 Μ.
908 3157 975 3213 Rsk.
993 3152 1078 3224 ἐπῄει

60 3235 125 3294 post
142 3219 215 3294 ἡμῖν
234 3228 310 3279 addit
379 3231 411 3279 15
429 3219 602 3294 τρεφόμενοι
620 3224 660 3293 Μ]
679 3219 870 3292 στρεφόμενοι
927 3227 959 3274 16
977 3219 1077 3276 νυκτέ-

56 3304 118 3362 ’ρων
142 3292 222 3357 cob.;
245 3312 308 3347 nam
332 3297 470 3347 senarium
493 3295 607 3361 Tragici
630 3293 772 3358 cujusdam
795 3293 848 3354 (cf.
873 3291 955 3357 Πίος.
979 3293 1077 3343 Laert.

60 3367 85 3427 6,
105 3361 151 3430 95)
174 3365 277 3429 respici
364 3366 396 3415 17
420 3353 577 3427 ίνδοίλμασι
594 3363 692 3417 οω,’Μ
724 3359 729 3424 Ι
760 3356 849 3411 καινοὶ
866 3364 923 3441 pet.
954 3359 959 3424 1
991 3373 1078 3424 προσ-

61 3428 151 3496 βαλεῖ
173 3431 242 3481 Rsk.
261 3435 289 3481 et
308 3428 386 3497 Oob.]
412 3422 568 3512 προσγλάλει
594 3425 665 3494 (sic)
692 3427 735 3492 M,
762 3425 937 3495 προσβαλλει
959 3444 977 3477 v
1046 3429 1080 3479 18

62 3493 257 3563 φαντάσματα
274 3496 315 3564 Μ]
334 3493 371 3550 τὰ
388 3511 583 3563 φαντασματα

116 3599 221 3642 muana·
233 3601 253 3640 1.
285 3636 288 3637 γ
831 3585 870 3634 Ἃ
