2436 3870
145 189 209 254 422
449 186 594 238 IULIANI
616 185 863 237 IMPERATORIS

148 317 210 406 μὲν
237 314 302 404 γὰρ
329 312 481 403 ήγνοιϊτε
508 310 605 401 τάμά,
632 315 806 402 προσῆκον
823 304 866 401 ἦν
893 314 966 400 ἐμοὶ
990 312 1165 383 διδάσκειν

148 420 248 511 ὑμᾶς·
276 422 345 490 ἐπεὶ
374 421 412 490 δὲ
440 429 510 488 ἴστε
537 421 593 488 καλ
621 421 763 507 λέληθεν
795 415 884 506 ὑμᾶς
909 421 978 488 τῶν
1005 414 1165 488 ἀπόντων

103 544 129 597 D
150 526 267 614 οὐδέν,
299 525 401 597 αὐτοί
430 554 488 614 μοι
519 529 632 614 τιμᾶτε
664 528 722 614 τῆς
753 522 855 606 ἀξίας.
900 526 999 606 ἔδοξε
1022 523 1067 612 δή
1101 518 1165 595 οὖν

148 632 166 704 ὁ
194 634 336 724 Μάρκος
362 633 404 701 τά
421 659 456 702 τε
475 629 562 703 ἀλλα
579 630 770 720 θαυμάσιός
795 657 845 711 τις
867 628 955 700 εἶναι
981 633 1037 700 καὶ
1059 631 1165 721 σοφὸς

148 740 378 829 διαφερόντως
405 737 462 808 ἀτε
490 737 583 826 οἶμαι
611 737 844 823 διαγινωσκων
1174 773 1185 814 ⁵

230 883 350 968 Λέγειν
377 877 416 949 θ’
447 878 534 949 ὅπου
561 877 623 970 χρή
650 880 707 948 καὶ
735 880 835 964 σιγᾶν
863 875 951 947 ὅπου
978 879 1094 949 καλόν.
1153 870 1158 883 ⁵*

231 1024 284 1112 Τῷ
313 1028 561 1112 Κωνσταντίυῳ
589 1017 670 1108 μετά
688 1021 812 1090 τοῦτον
840 1021 948 1105 λέγειν
975 1022 1162 1110 ἐπέτρεπον.

149 1124 167 1196 ὁ
205 1127 242 1196 δὲ
277 1127 442 1217 πρότερον
478 1126 540 1215 μὲν
576 1126 717 1216 ἐθάρρει,
748 1123 811 1213 τήν
842 1122 1009 1213 ἀγωνίαν,
1047 1122 1092 1208 ὡς
1127 1126 1164 1196 δὲ

149 1231 334 1320 ἀπέβλεπεν
361 1239 409 1314 εἰς
427 1230 468 1300 τά
496 1234 564 1301 τῶν
583 1230 694 1301 ἀλλων
712 1237 804 1321 ἔργα,
831 1229 932 1319 μικρά
949 1233 1165 1302 παντάπασιν

149 1337 217 1410 εἶδε
234 1336 275 1405 τά
294 1339 425 1407 ἑαυτοῦ.
462 1336 526 1406 δύο
545 1335 610 1426 γάρ
633 1338 834 1427 τυράννους,
853 1346 886 1407 ελ
897 1365 934 1423 γε
952 1335 1013 1428 χρή
1031 1334 1165 1427 τάληθή
1179 1379 1200 1417 10

98 1443 279 1531 329φάναι,
310 1443 510 1534 καθηρήκει,
542 1441 604 1513 τὸν
631 1443 692 1532 μὲν
720 1441 889 1531 ἀπόλεμόν
915 1470 950 1512 τε
977 1445 1033 1512 καὶ
1061 1453 1164 1532 μαλα-

148 1549 221 1637 κόν,
248 1547 309 1619 τὸν
336 1549 374 1618 δὲ
401 1547 525 1620 ἀθλιόυ
551 1577 586 1619 τε
613 1550 668 1618 καὶ
697 1547 815 1619 διὰτὸ
843 1552 958 1639 γῆρας,
987 1547 1164 1641 ἀμφοτέρω

150 1656 187 1726 δὲ
214 1666 309 1739 θεοῖς
335 1682 370 1726 τε
397 1657 453 1726 καὶ
480 1654 675 1745 ἀνθρώποις
704 1658 856 1743 ἐχθίστω.
901 1655 942 1724 τά
968 1683 1005 1742 γε
1032 1654 1101 1745 μήν
1120 1663 1166 1739 εἰς

150 1761 228 1843 τούς
255 1763 449 1853 βαρβάρους
475 1754 519 1851 ἦν
537 1771 652 1848 γελοῖα
670 1758 776 1854 αὐτῷ·
804 1761 934 1851 φόρους
960 1761 1026 1850 γὰρ
1055 1761 1164 1854 ὥσπερ

150 1870 338 1955 ἐτετελέκει,
374 1871 431 1938 καὶ
463 1866 546 1959 πρὸς
582 1866 646 1958 τήν
681 1866 823 1957 Τρυφήν
855 1864 1013 1957 ἀφεώρα·
1051 1870 1164 1961 πόρρω
1177 1906 1197 1946 15

149 1974 187 2043 δὲ
219 1974 362 2063 εἱστήκει
394 1978 462 2043 τόν
493 1978 587 2045 θεῶν
619 1971 704 2063 αὕτη
737 1977 813 2064 περὶ
844 1973 884 2043 τὰ
915 1974 1078 2064 πρόθυρα
1108 1979 1165 2063 τῆς

149 2081 319 2169 Σελήνης·
361 2084 524 2171 ἐρωτικῶς
560 2108 595 2151 τε
627 2072 691 2150 οὖν
723 2079 810 2169 εἶχεν
841 2077 959 2168 αὐτῆς,
996 2082 1053 2150 καὶ
1091 2079 1165 2162 ὅλος

108 2184 233 2275 Βπρὸς
265 2190 398 2275 ἐκείνην
429 2189 562 2275 βλέπων
594 2184 697 2257 οὐδὲν
728 2194 842 2274 έμελαν
878 2183 969 2279 αὐτῷ
1001 2190 1078 2275 περὶ
1108 2190 1165 2275 τῆς

150 2297 253 2380 δίκης.
299 2294 369 2360 ἐπεὶ
402 2291 439 2361 δὲ
472 2296 572 2384 έχρήυ
604 2295 661 2363 καὶ
698 2290 802 2362 αότιν
834 2298 939 2361 εἰπεῖν
970 2318 1017 2380 τι,
1055 2293 1164 2381 Ταότη

148 2397 279 2464 τούτων
305 2403 475 2486 κρείττων,
503 2405 580 2488 ἔφη,
607 2405 686 2488 εἰμι,
713 2426 774 2469 του
759 2399 994 2479 ’Μακεδόνος
1013 2400 1086 2486 μέν,
1114 2426 1164 2467 οτι
1175 2438 1197 2476 20

148 2499 231 2591 πρὸς
255 2498 437 2592 Ρωμαίους
464 2505 581 2573 καὶ
547 2533 588 2574 τοι
612 2500 800 2595 Γερμανικὰ
828 2506 884 2574 καὶ
903 2502 1063 2573 Σκυθικὰ
1086 2507 1163 2591 γένη

217 2737 309 2793 1τά’
312 2738 356 2807 μὰ
371 2745 440 2810 Aug.
475 2742 479 2810 Ι
512 2738 574 2813 μοὶ
592 2739 806 2824 VMAugJii
874 2738 1005 2797 δονθδυ
1022 2745 1083 2795 VM
1149 2748 1164 2794 5

149 2805 369 2876 διαγιγνώσκων
395 2812 465 2878 Aug.
552 2815 567 2862 6
595 2827 626 2864 τε
651 2829 725 2863 οπου
747 2813 846 2878 VAug.
880 2815 997 2865 Versum
1023 2813 1164 2878 Euripidis

147 2877 268 2944 (Fragm
286 2881 337 2930 417
349 2875 473 2965 .N²¹¹⁰‚k·)
494 2881 530 2931 ab
553 2879 660 2930 Iuliano
683 2880 767 2961 paulo
789 2881 962 2930 immutatum
980 2879 1104 2932 Oobeius
1125 2881 1164 2929 ita

148 2945 274 3010 scripsit:
293 2945 434 3029 οιηάνθ’
452 2963 527 2999 οπου
545 2943 597 3013 χρὴ
617 2945 666 2998 καλ
687 2941 781 3013 λέγειν
799 2963 874 2998 οπου
887 2942 986 2999 καλου
1004 2937 1123 3029 vulgo
1108 2963 1163 3010 οπη

147 3028 196 3078 pro
214 3013 305 3064 altero
322 3027 397 3066 οπου
414 3015 517 3081 legitur
586 3017 601 3065 9
621 3007 784 3090 ἀπέβλεπεν
796 3013 972 3080 Sylburgius]
992 3007 1165 3096 ἀπηβλέτιων

148 3083 180 3130 10
199 3077 226 3131 εἰ
243 3077 295 3147 χρὴ
314 3075 444 3147 τάληθὲς
463 3083 491 3132 Μ
572 3085 603 3131 12
626 3085 695 3133 Post
716 3078 807 3148 γήρας
825 3083 964 3134 excidisse
981 3082 1028 3134 vsi
1051 3075 1165 3147 ἀσθενη

146 3146 194 3196 vsi
212 3148 310 3199 simile
307 3149 384 3214 quid
406 3150 478 3200 vidit
495 3144 658 3214 Sylburgius
746 3154 777 3201 13
799 3145 829 3210 ἒς
851 3150 1043 3215 Aug.14
1066 3153 1166 3214 γελοια

147 3208 226 3264 unisti
245 3214 353 3282 Vst.]
373 3207 451 3282 ainsi
490 3218 572 3270 ελοῖα
642 3219 674 3268 15
691 3217 758 3267 Post
775 3210 931 3269 έτετελέκει
950 3218 1089 3268 excidisse
1100 3234 1165 3269 non

145 3280 225 3332 nulla
249 3284 447 3336 animadvertit
464 3236 585 3336 gobetus
650 3287 682 3335 16
700 3302 775 3351 αυτη
795 3283 874 3350 Cob.]
893 3276 986 3337 αὐτου
1051 3287 1084 3337 17
1101 3277 1165 3344 ολος

147 3345 182 3413 V]
201 3342 274 3408 ολως
290 3367 321 3411 v,
340 3367 393 3402 om
411 3353 440 3402 M
510 3353 542 3403 18
560 3349 696 3417 βλέποντι
713 3303 783 3403 Aua.
806 3353 849 3402 De
861 3354 1034 3404 nominativo
1073 3350 1165 3406 λέπων

146 3417 201 3466 vid.
232 3416 267 3467 ad
297 3417 363 3469 190
396 3418 401 3482 Ι
434 3411 526 3471 nisis
510 3420 689 3486 vVMAug
722 3419 726 3484 Ι
757 3368 846 3483 {usis
876 3422 899 3472 V
929 3425 1017 3483 esni„
1063 3422 1166 3487 μελλεν

146 3483 261 3602 Μβιις,
281 3481 401 3605 ἔμελλεΜ
397 3491 451 3551 pet
471 3488 568 3553 spanh.
639 3490 670 3537 19
689 3485 773 3553 δίκης
793 3486 934 3554 iMAug]
953 3458 1166 3554 νίκήςΙείπεῖν

138 3567 180 3602 πα
210 3567 306 3605 αυτον
326 3569 353 3605 τι
