2416 3864
472 119 609 172 ORATIO
627 120 689 175 vn.
1017 121 1078 186 231

62 247 143 336 κει)·
180 273 263 338 προς
295 245 358 337 γὰρ
390 250 436 340 τῶ
474 248 561 341 λόγῳ
599 263 761 340 μαρτυρεῖ
793 250 924 331 τούτοις
955 247 976 338 ἡ
1013 254 1081 320 τῶν

62 353 306 444 προλαβόντων
332 351 469 444 ἀνδρῶν
496 362 697 446 προαίρεσις.
743 358 812 427 ἐπεὶ
839 357 895 426 καὶ
922 357 1081 426 Πλάτωνι

24 531 28 537 ,
62 458 170 530 πολλά
197 459 469 549 μεμυθολόγηται
496 464 570 551 περὶ
598 466 666 532 τῶν
698 466 735 532 ἐν
763 461 849 556 ᾅδου
877 462 1081 552 πραγμάτων
1166 485 1167 491 ’

61 571 288 654 θεολογοῦντι
318 568 375 637 καὶ
402 568 468 657 πρό
496 569 688 656 γετούτου
715 572 761 662 τῷ
794 573 852 658 τῆς
879 569 1080 656 Καλλιόπης,

35 670 267 743 εἈντισθένει
304 673 342 742 δὲ
378 675 434 742 καὶ
471 677 666 761 Ξενοφῶντι
702 677 758 744 καὶ
796 672 886 768 αύτῷ
918 674 1134 744 Πλάτωνιαλι

62 782 392 869 πραγματευομένοις
418 777 540 868 ηθικάς
567 808 660 862 τινας
683 778 863 862 ὑποθέσεις
891 780 933 850 ού
960 783 1080 872 παρέρ-

64 914 142 973 γως,
170 883 254 956 άλλόι
273 886 354 975 μετά
372 913 464 969 τινος
483 890 653 975 ἐμμελείας
670 884 691 975 ἡ
710 891 778 957 τῶν
801 888 924 976 μύθων
943 890 1080 975 ἐγκατα-

64 993 217 1081 μέμικται
245 992 370 1082 γραφή,
398 990 458 1074 οὓς
486 996 596 1083 ἐχρῆν,
624 1003 715 1084 εἴπερ
740 994 894 1081 ἐβούλου,
922 994 1081 1082 μιμούμε-

63 1127 127 1169 νον
160 1096 235 1167 άντὶ
267 1099 328 1186 μὲν
352 1095 553 1190 Ἡρακλέους
585 1100 850 1188 μεταλαμβάνειν
878 1102 1033 1189 Περσέως
1060 1096 1082 1188 ἢ

24 1227 49 1266 10
65 1205 203 1293 Θησέως
238 1203 330 1286 τινὸς
367 1203 474 1294 όνομα
510 1207 567 1277 καὶ
603 1203 663 1275 τὸν
692 1203 939 1276 Ἀντισθένειου
975 1206 1083 1276 τύπον

65 1311 288 1400 ἐγχαράττειν,
314 1308 392 1380 άντὶ
416 1311 515 1380 δὲ
476 1339 534 1400 της
553 1318 728 1402 Προδίκου
756 1319 973 1401 σκηνοποιίας
997 1310 1082 1401 ἀμφὶ

65 1432 139 1503 τοιν
167 1414 297 1505 άμφοιν
328 1417 465 1488 τούτοιν
497 1429 596 1488 θεοῖν
629 1421 745 1541 ἑτέραν
779 1415 900 1507 ὁμοίαν
933 1420 1118 1505 είσάγεινΒ
1173 1430 1174 1433 ’

65 1529 112 1605 είς
141 1521 179 1592 τὸ
206 1525 361 1612 θέατρον.
461 1611 464 1616 ἡ

144 1625 233 1698 Ἐπεὶ
262 1628 298 1699 δέ
317 1630 373 1698 καὶ
400 1632 469 1698 τῶν
486 1633 681 1699 τελεστικῶν
708 1630 831 1719 μύθων
856 1631 1082 1719 ἐπεμνησθην,

25 1756 51 1812 ιρ
65 1737 148 1824 φέρε
181 1737 246 1804 νῦν
275 1731 413 1817 ὁποίους
440 1734 533 1805 εἶναι
558 1735 620 1826 χρὴ
649 1734 728 1818 τοὺς
760 1738 903 1828 ἑκατέρω
931 1739 999 1806 τῶν
1026 1763 1080 1824 με·

66 1845 137 1930 ρῶν
170 1838 394 1931 ἁρμόττοντας
426 1839 522 1911 αὐτοὶ
555 1839 635 1912 καθ’
670 1841 810 1922 ἑαυτοὺς
847 1848 933 1911 ίδεϊυ
970 1869 1082 1931 πειρα-

65 1950 193 2034 θῶμεν,
221 1944 331 2017 οὐκέτι
359 1948 539 2039 μαρτύρων
566 1951 717 2018 παλαιῶν
745 1950 783 2016 έν
809 1951 892 2017 πάσι
919 1949 1083 2037 προσδεό-

65 2081 176 2142 μενοι,
214 2054 370 2141 ἑπόμενοι
403 2054 441 2123 δὲ
474 2056 564 2135 νέοις
601 2064 728 2142 ίχνεσιν
765 2051 905 2143 άνδρός,
943 2050 984 2122 ὃν
1017 2051 1081 2139 ἐγῶ

65 2158 147 2248 μετά
180 2159 259 2242 τοὺς
290 2158 395 2242 θεοὺς
428 2162 460 2242 ἐξ
489 2170 563 2248 ίσης
592 2157 807 2249 Ἀριστοτέλει
837 2161 894 2229 καὶ
926 2159 1119 2228 Πλάτωνιῡ

24 2287 52 2326 2⁰
65 2264 198 2354 άγαμαί
222 2266 286 2355 (τε)
314 2267 444 2354 τέθηπά
470 2294 513 2336 τε.
559 2267 643 2355 φησὶ
672 2265 709 2334 δέ
742 2264 803 2354 ούχ
830 2263 915 2354 ὑπὲρ
947 2265 1084 2335 πάντων

66 2364 181 2460 οὗτος,
219 2369 291 2440 ἀλλ’
326 2369 410 2464 ὑπὲρ
447 2376 515 2441 τῶν
548 2374 757 2459 τελεστικῶν,
796 2369 855 2453 οὓς
891 2374 1084 2462 παρέδωκεν

65 2475 148 2566 ἡμῖν
178 2475 321 2568 Ὀρφεὺς
354 2475 371 2547 ὁ
404 2478 463 2560 τάς
495 2476 682 2565 ἁγιωτάτας
717 2477 847 2559 τελετάς
879 2479 1084 2566 καταστησά-

66 2611 175 2673 μενος.
226 2583 263 2653 τὸ
302 2582 365 2673 γάρ
403 2587 440 2654 ἐν
475 2600 545 2666 τοῖς
583 2585 706 2673 μύθοις
742 2582 956 2673 άπεμφαίνον
993 2582 1084 2676 αύτῷ

66 2690 176 2782 τούτῳ
213 2696 432 2781 προοδοποιεῑ
465 2689 548 2779 πρὸς
585 2690 646 2779 τὴν
687 2688 859 2778 ἀλήθειαν.
915 2689 983 2783 ὅσω
1021 2689 1085 2779 γάρ

24 2800 196 2884 εδμάλλον
227 2797 420 2886 παράδοξόν
453 2800 522 2865 ἐστι
557 2799 613 2866 καὶ
649 2800 831 2886 τερατῶδες
862 2795 900 2866 τὸ
937 2807 1085 2883 αίνιγμα,

68 2903 217 2995 τοσούτῳ
247 2905 373 2990 μάλλον
392 2909 479 2973 ἔοικε
507 2903 802 2994 διαμαρτύρεσθαι,
830 2900 874 2990 μὴ
893 2916 962 2982 τοῖς
986 2899 1084 2969 αύτό-
1110 2892 1116 2896 ’

4 3173 11 3182 ’
70 3149 134 3217 lius]
156 3139 262 3202 ἔσθ’”’
243 3169 292 3205 οτε
310 3189 316 3202 .
396 3169 426 3215 v3
450 3153 480 3204 in
497 3155 522 3205 V
540 3153 645 3203 nullum
664 3157 707 3202 est
724 3152 841 3202 lacunae
861 3150 1002 3200 indicium.
1033 3150 1086 3199 De·

70 3234 132 3270 esse
151 3235 218 3270 vero
244 3221 328 3270 etiam
352 3221 484 3287 apoduein
504 3221 703 3271 animadvertit
720 3219 787 3272 Rsk
829 3208 930 3299 1μά
948 3234 1012 3284 τυρι
1029 3221 1085 3282 pet
1162 3234 1165 3238 ’

69 3278 302 3367 λέμμελείαςν
340 3279 503 3366 ἐπιμελείας
577 3281 703 3346 8υῦςί
703 3283 787 3352 γην]
808 3301 858 3345 ους
882 3299 898 3336 σ
900 3234 1015 3366 ’έχρῆγ
1033 3282 1083 3347 H!

68 3348 250 3434 μιμούμενον
268 3356 294 3404 Η
333 3349 509 3434 μιμούμενος
558 3303 786 3440 9Ηρακλόρυς
804 3353 831 3401 Η
850 3348 976 3418 τίθου]
997 3345 1085 3415 Ηρα·

69 3415 152 3480 κλέος
235 3424 266 3471 11
280 3430 308 3472 et
321 3425 352 3472 12
371 3413 448 3489 άμφλ
466 3426 531 3475 τοῖν
548 3414 661 3487 άμφοῑν
678 3413 752 3487 V]'
735 3423 847 3485 αμφοῖν
924 3423 957 3471 20
975 3435 1005 3471 τε
1023 3425 1086 3485 post

71 3482 183 3554 άγαμαι
201 3489 264 3540 add
285 3488 350 3540 Cob.
370 3491 433 3544 coll.
453 3490 551 3554 Odyss.
572 3490 597 3553 ζ,
619 3490 667 3540 168
1148 3536 1204 3780 1
