2422 3862
409 149 612 201 οειουοοου
630 152 673 201 ει.
692 151 734 205 ιο.
770 176 772 181 .
1019 147 1083 213 519

65 284 307 370 ἐπιμελεῖσθαί
343 293 456 373 μεῖζον
482 283 547 373 γάρ
571 275 662 353 ἐστιν
683 281 704 371 ἢ
728 282 799 353 κατ’
825 284 1016 372 ἐπιστολήν,
1044 276 1083 353 εὖ

65 398 156 476 ίσθι,
187 389 243 457 καὶ
274 395 438 460 τοσοῦτον
464 390 550 460 ὅσον
578 388 619 459 οῦ
646 390 767 481 ῥᾴδιον
797 387 877 459 οῦδὲ
904 396 1082 480 τριπλασίᾳ

64 493 187 581 ταύτης
209 502 401 583 περιλαβεῖν
424 499 605 566 σκοποῦντι
627 493 787 584 τάκριβές.
815 497 885 565 ἐπεὶ
902 496 958 565 καὶ
977 501 1083 584 φαίην

65 603 106 670 δέ
127 619 197 685 σοι,
219 600 276 668 καὶ
298 605 402 670 ταῦτα
425 601 545 690 φράσω
570 599 615 670 δι’
642 599 776 689 ὀλίγων.
807 601 891 691 πρὸς
912 602 992 682 τοὺς
1014 610 1083 670 Σα-

37 705 234 795 ορακηνοῦς
275 714 403 797 ἔπεμψα
443 711 616 798 πρέσβεις,
660 706 925 796 ὑπομιμνήσκων
960 706 1084 789 αῦτοῦς

61 812 172 902 ἥκειν,
194 819 227 881 εἰ
247 813 437 900 βούλοιντο.
483 818 521 883 ἓν
543 814 606 902 μὲν
628 812 670 901 δὴ
694 817 865 883 τοιοῦτον·
896 816 1011 903 ἕτερον
1034 815 1136 900 δι’,402

66 924 145 987 λίαν
172 921 395 1010 ἐγρηγορότας
422 919 467 1002 ὡς
494 922 661 1008 ἐνεδέχετο
683 919 763 1000 τοῦς
784 920 1085 1009 παραφυλάξοντας

64 1026 242 1113 ἐξέπεμψα,
264 1027 310 1115 μή
333 1053 384 1107 τις
406 1022 547 1096 ἐνθένδὲ
568 1025 653 1115 πρὸς
670 1024 750 1106 τοῦς
767 1033 947 1114 πολεμίους
965 1029 1082 1117 ἐξέλθη

66 1132 201 1219 λαθιόυ,
248 1132 407 1222 ἐσόμενος
447 1130 562 1213 αὐτοῖς
603 1130 648 1212 ῦς
687 1126 891 1220 κεκινήμεδα
914 1132 1084 1221 μηνυτής.
1189 1154 1194 1162 ·

27 1259 55 1300 1⁰
69 1241 200 1307 ἐκεῖθεν
240 1239 378 1307 ἐδίκασα
420 1244 519 1326 δίκην
559 1237 814 1326 στρατιωτικήν,
860 1236 905 1318 ὦς
941 1238 1084 1327 ἐμαυτὸν

66 1350 188 1433 πείθοι,
219 1344 390 1435 πραότατα
421 1346 477 1413 καὶ
509 1343 710 1413 δικαιότατα.
760 1349 882 1427 ἵππους
911 1343 1085 1434 περιττοὺς

66 1453 123 1522 καὶ
145 1449 307 1539 ἡμιόνους
330 1450 575 1539 παρεσκεύασα,
602 1449 643 1519 τό
664 1451 891 1540 στρατόπεδον
913 1457 961 1533 είς
982 1448 1083 1519 ταύτὸ

67 1553 277 1643 συναγαγόν.
305 1560 389 1637 ναῦς
409 1559 617 1643 πληροῦνται
635 1554 794 1644 ποτάμιαι
811 1563 933 1646 πυροῦ,
955 1561 1085 1646 μᾶλλον
1102 1569 1125 1622 Β

67 1665 105 1733 δὲ
128 1663 241 1752 ἄρτων
265 1663 376 1750 ξηρῦν
398 1662 454 1730 καὶ
477 1659 583 1756 ὄξους.
615 1660 818 1730 καὶτούτων
836 1665 977 1732 ἕκαστον
995 1661 1124 1741 ὅπωςιο

27 1797 54 1837 15
69 1768 220 1857 ἐπράχθη
243 1767 300 1851 καὶΙ
322 1772 410 1846 τίνες
432 1762 486 1854 ἐφ’
512 1766 637 1858 ἑκάστῳ
660 1765 819 1853 γεγόνασι
842 1766 953 1854 λόγοι,
976 1765 1084 1836 πόσου

67 1874 195 1965 μήκους
217 1873 287 1941 ἐστὶ
310 1871 519 1962 συγγράφειν
542 1874 677 1951 ἐννοεῖς.
718 1872 906 1953 ἐπιστολαῖς
929 1873 967 1942 δὲ
989 1870 1085 1952 ὅσαις
1128 1886 1130 1896 “

66 1979 243 2070 ῦπέγραψα
275 1978 332 2046 καὶ
363 1983 507 2064 βίβλοις·
545 1976 689 2064 ἑπόμενα
716 1976 809 2068 (γὰρ)
837 1975 978 2069 ὡσπερεί
1007 1978 1083 2047 σκιά

67 2112 126 2174 μοι
156 2086 212 2154 καὶ
240 2087 347 2153 ταῦτα
375 2096 633 2171 σνμπερινοστεῖ
656 2086 842 2172 πανταχοῦ·
879 2088 926 2150 τί.
940 2089 994 2153 δεῖ
1018 2089 1084 2153 νῦν

62 2192 243 2282 ’πράγματα
266 2197 355 2278 ἔχειν
378 2187 695 2277 ἀπαριθμοόμενονς

24 2399 54 2441 ιο
202 2368 264 2455 κη’.
301 2364 523 2447 Ἰουλιανὸς
544 2371 750 2459 Γρηγορίςο
774 2365 949 2456 ἡγεμόνι.

154 2509 247 2598 Ἐμοὶ
269 2510 325 2578 καὶ
347 2507 482 2598 γράμμα
499 2505 591 2596 παρδι
609 2511 672 2576 σοῦ
690 2507 812 2597 μικρὸν
829 2508 926 2601 ἀρκεῖ
941 2511 1085 2598 μεγάλης
1104 2523 1126 2578 0

66 2616 195 2712 ἡδονῆς
215 2616 389 2706 πρόφασιν
412 2618 624 2702 μνηστεῦσαι.
651 2616 707 2682 καὶ
730 2622 849 2685 τοίνυν
868 2611 919 2696 οἷς
937 2621 1084 2706 ἔγραψας

68 2723 156 2811 άγαν
182 2721 300 2813 ἡσθείς
328 2718 528 2807 ἆντιδίδωμι
555 2721 611 2788 καὶ
639 2717 741 2800 αὐτὸς
761 2719 823 2807 την
847 2729 951 2808 ίσην,
976 2718 1015 2789 ου’.
1038 2725 1084 2812 τῷ

67 2833 136 2899 τῶν
168 2831 353 2898 ἐπιστολῶν
384 2825 481 2915 μήκει
508 2829 636 2914 μᾶλλον
662 2820 683 2911 ἢ
706 2826 756 2916 ζτςῦ
784 2828 842 2912 τῆς
869 2824 1003 2906 εὐνοίας
1030 2853 1084 2914 με·

25 2962 55 3005 ιο
69 2937 164 3024 γέθει
186 2935 246 3016 τὰς
267 2940 336 3004 τῶν
357 2934 498 3023 ἑταίρων
516 2937 629 3018 φιλίας
648 2932 837 2999 ἐκτίνεσθαι
857 2935 930 2999 δεῖν
947 2938 1084 3021 κρίνων.

34 3118 35 3123 =
137 3093 152 3140 2
170 3095 198 3140 et
215 3094 232 3142 3
249 3088 405 3157 τριπλασίᾳ
424 3079 531 3151 ταύτης
548 3081 630 3151 Rsk.]
650 3079 804 3151 τριπλάσια
821 3081 926 3137 τούτου
989 3088 1052 3149 δεῖ
1068 3088 1085 3138 4

69 3159 198 3222 „Desunt
215 3155 375 3225 quaedamf‘
405 3155 474 3207 Rsk.
503 3154 581 3204 Fort.
600 3145 663 3204 ἐπεὶ
682 3150 774 3219 φαίην
792 3142 829 3204 ἄν
847 3166 892 3203 σοι
910 3149 960 3205 καλ
978 3149 1086 3208 ταῦτα·

68 3220 172 3290 φράσω
189 3221 224 3278 δὲ
242 3217 284 3278 δι’
303 3219 408 3290 ὀλίγον
465 3218 631 3272 δτοιοῦτον
648 3216 685 3285 H]
704 3216 819 3272 τοιοῦτο
873 3222 905 3272 13
923 3217 1006 3288 ναῦς]
1025 3222 1086 3274 vim

68 3295 105 3371 ρβ
121 3294 210 3344 2791)
258 3295 290 3343 16
307 3286 488 3372 συγγργὶφειν
506 3285 587 3353 oob.]
608 3279 758 3353 συγγραφὴ
789 3280 1084 3367 ε1’ῖγο“ιραι1ι1,ἶλα1τ.1

68 3374 164 3425 ωσπερ
183 3355 250 3412 σκιά
273 3360 353 3421 Cob..
384 3373 478 3424 ωσπερ
496 3354 578 3408 αίσια
594 3370 625 3417 v,
655 3355 755 3420 scripsi
777 3352 899 3423 ασπερελ
917 3351 985 3408 σκιά
1052 3359 1085 3408 21

68 3419 149 3546 ἒαρφ
168 3429 221 3562 φφ
238 3424 283 3546 VJl
298 3419 377 3547 παφά
395 3441 447 3478 σου
515 3426 549 3474 23
568 3416 644 3489 ι’ἱγαν
662 3419 698 3488 V]
725 3420 792 3474 λίαν
861 3424 894 3474 25
917 3415 1097 3478 ίκτίνεσδαι

98 3511 174 3561 eyer
218 3509 331 3547 κτενεσ
356 3510 387 3546 αι
1073 3531 1074 3534 ,
