2446 3870
123 150 187 215 244
421 151 565 205 mmm
589 149 839 202 IMPERATORIS

122 276 318 368 Ἰάμβλιγος,
342 275 424 346 ἀλλὰ
447 280 503 347 καί
526 275 606 359 τοὺς
627 284 838 366 κορυφαίους
860 279 897 345 ἐν
916 272 1012 364 αὐτῇ,
1038 273 1141 344 Ἀντι-

126 388 232 473 σθένη
261 386 316 454 καὶ
336 386 483 472 Διογένη
502 385 557 454 καὶ
577 383 743 473 Κράτητα,
772 377 823 465 οἷς
840 386 902 452 τού
920 388 999 471 βίον
1019 381 1143 464 σκοπὸς

125 483 168 579 ἦν
200 494 255 561 καί
287 493 381 572 τέλος
413 487 537 572 αὑτοὺς
570 489 662 579 οἶμαι
689 493 818 576 γνῶναι
849 490 905 558 καὶ
932 491 1002 557 των
1034 492 1143 557 κενόν

126 595 299 688 ὑπεριδεῖν
317 599 438 686 δοξῶν,
466 595 626 686 ἀληθείας
646 599 693 683 δέ,
716 593 737 684 ἣ
756 596 893 665 πάντων
911 595 973 683 μὲν
1001 591 1143 680 άγαθων

125 716 234 792 θεοῖς,
266 704 403 773 πάντων
436 703 473 773 δὲ
505 701 701 792 ἀνθρώποις
737 699 879 790 ἡγεῖται,
916 699 993 790 ὅλη,
1026 708 1170 789 φασίν,5

87 811 369 901 Οέπιδράξασθαι
395 815 436 901 τῇ
464 816 615 901 διανοίᾳ,
646 800 686 898 ἧς
713 807 805 897 οἶμαι
832 810 888 878 καὶ
915 807 1068 876 Πλάτων’
1087 810 1143 877 καί

126 917 337 1007 Πυθαγόρας
368 920 424 988 καὶ
451 917 634 1007 Σωκράτης
663 920 699 985 οἵ
726 942 760 984 τε
793 917 829 984 ἐκ
860 917 921 984 τοῦ
949 913 1144 1003 Περιπάτου

126 1025 183 1094 καὶ
202 1023 323 1112 Ζήνων
350 1027 447 1095 ἕνεκα
474 1024 583 1093 πάντα
610 1019 793 1111 ὑπέμειναν
819 1022 938 1107 πόνον,
967 1017 1091 1102 αὑτούς
1109 1048 1144 1089 τε

128 1132 301 1212 ἐθέλοντες
337 1134 466 1218 γνῶναι
503 1133 559 1199 καί
600 1127 644 1218 μη
685 1143 798 1210 κεναῖς
838 1130 979 1197 ἕπεσθαι
1020 1127 1145 1214 δόξαις,

129 1234 211 1306 άλλά
239 1234 302 1324 τὴν
330 1239 367 1304 ἐν
393 1251 464 1317 τοῖς
491 1227 590 1305 οὖσιν
622 1233 785 1322 ἀλήθειαν
812 1231 1016 1322 ἀνιχνεῦσαι.
1063 1234 1185 1323 φέρειν

129 1335 203 1428 οὖν,
231 1339 345 1429 ἐπειδὴ
367 1344 518 1429 πέφηνεν
542 1337 606 1410 ούκ
629 1338 709 1410 άλλο
733 1341 795 1429 μὲν
818 1339 1036 1428 ἐπιτηδεύσας
1054 1340 1146 1409 Πλά-

128 1474 211 1533 των,
244 1450 358 1536 ἕτερον
391 1447 428 1517 δὲ
455 1449 637 1535 Διογένης,
669 1451 706 1515 ἓν
735 1449 774 1516 δέ
803 1475 835 1515 τι
862 1449 917 1516 καί
949 1443 1089 1515 ταύτόν’
1118 1452 1150 1514 εί

128 1556 216 1641 γοῦν
253 1553 361 1644 ἔροιτό
401 1582 450 1636 τις
486 1551 547 1623 τόν
585 1551 695 1641 σοφὸν
727 1554 893 1624 Πλάτωνα
931 1550 993 1640 ,τὸ
1029 1555 1147 1622 Γνῶθι

130 1657 256 1730 σαυτὸν
287 1660 396 1730 πόσον
428 1660 605 1750 νενόμικας
643 1658 778 1743 άξιον;“
811 1651 851 1729 εὖ
888 1657 964 1728 οῖδα
1001 1656 1052 1727 ότι
1085 1661 1147 1728 τοῦ

86 1766 255 1849 Βπαντὸς
293 1762 374 1857 (διν)
412 1767 542 1856 φήσειε,
578 1769 634 1837 καί
671 1767 757 1854 λέγει
795 1765 832 1836 δὲ
873 1768 911 1834 ἐν
943 1762 1147 1854 Ἀλκιβιάδη·
1163 1789 1185 1829 15

132 1876 232 1963 δεῦρο
262 1871 303 1964 δὴ
337 1873 374 1945 τὸ
403 1872 484 1963 μετὰ
516 1877 615 1944 τοῦτο
644 1872 778 1963 φράσον
805 1869 901 1961 ἡμῖν,
934 1863 960 1940 ό
993 1872 1148 1961 δαιμόνιε

130 1981 275 2051 Πλάτων
306 1983 362 2051 καὶ
393 1984 487 2051 θεῶν
519 1987 636 2067 ἔκγονε
669 2032 689 2066 ,,
698 1986 781 2048 Τίνα
812 1979 938 2068 τρόπον
970 1977 1031 2068 χρὴ
1064 1977 1149 2111 πρὸς

130 2086 189 2170 τάς
220 2115 288 2157 των
319 2091 453 2158 πολλων
485 2093 677 2158 διακεῖσθαι
710 2086 833 2168 δόξας“
835 2137 844 2171 ,
876 2082 981 2154 ταύτά
1012 2112 1047 2154 τε
1080 2088 1151 2175 ε’ρεῐ

130 2194 187 2263 και
215 2199 263 2262 ἔτι
289 2192 373 2283 πρὸς
403 2193 535 2275 τούτοις
567 2191 647 2263 όλον
678 2189 759 2281 ημῖν
790 2191 933 2274 ἐπιτάξει
960 2192 1149 2281 διαρρηδην

132 2296 328 2385 άναγνωναι
345 2298 405 2369 τὸν
423 2306 580 2388 Κρίτωνα
599 2299 771 2386 διάλογον,
794 2290 837 2368 οὗ
854 2305 1009 2385 φαίνεται
1028 2323 1148 2386 παραι-
1163 2322 1188 2363 ιο

132 2431 204 2473 νων
223 2405 406 2494 Σωκράτης
432 2405 538 2493 μηδὲν
565 2400 794 2494 φροντίζειν’
776 2408 862 2493 ημάς
888 2408 957 2475 τόν
974 2404 1150 2474 τοιούτων.

134 2511 218 2599 φησί
245 2514 345 2598 γοῦν·
372 2508 468 2582 Ἀλλά
494 2517 530 2579 τί
553 2506 645 2599 ημῖν,
674 2538 700 2580 ω
728 2511 868 2601 μακάριε
886 2517 1032 2600 Κρίτων,
1060 2508 1149 2580 οὕτω

82 2619 209 2705 189της4
234 2619 303 2686 τόν
338 2620 472 2688 πολλῶν
508 2617 607 2706 δόξης
643 2618 746 2706 μέλεα
783 2615 853 2686 εἶτα
888 2613 982 2706 ἡμεῖς
1017 2617 1150 2687 τούτων

132 2718 349 2815 ὑπεριδόντες
376 2722 590 2813 ἀποτειχίζειν
618 2719 730 2805 άπλός
757 2719 882 2792 οὑτωσὶ
909 2725 965 2793 καὶ
993 2720 1151 2793 ἀποσπᾶν

134 2828 263 2922 άνδρας
288 2828 440 2920 ἀλλήλων
458 2833 632 2920 ἐδέλομενς
657 2826 717 2911 οὑς
735 2825 753 2898 ὁ
773 2832 831 2918 τῆς
858 2827 1026 2920 ἀληθείας·
1046 2831 1150 2920 σννή-
1165 2853 1212 2915 ιιὶ

133 2964 238 3026 γαγεν
269 2943 366 3029 ἔρως·
384 2936 414 3028 ἦ
436 2965 472 3008 τε
503 2941 561 3027 της
594 2937 693 3024 δόξης
728 2931 895 3026 ὑπεροψία
925 2938 981 3006 καὶ
1013 2931 1034 3024 ἡ
1066 2935 1152 3026 πρὸς

202 3182 267 3232 4et
284 3183 300 3232 5
318 3172 356 3232 άλ
358 3178 517 3247 ηδείας-
488 3195 572 3246 -ηγ
556 3176 662 3244 γεῖται]
679 3174 752 3228 Plat
764 3179 850 3244 Legg.
862 3179 888 3228 V
906 3178 989 3231 ‘1303
1047 3169 1152 3299 4άλη·

135 3245 224 3307 θείας
251 3241 285 3299 δὲ
294 3246 345 3366 zG.
358 3197 509 3299 Helferioh
536 3244 648 3313 (Krates
672 3245 807 3326 Gebetp.
824 3241 882 3314 26)]
910 3241 946 3297 ἄλ
968 3244 1054 3306 θείας
1065 3263 1092 3327 μ
1094 3242 1149 3310 ἑνί

135 3309 264 3366 πάντων
272 3309 307 3394 ρὲ
308 3332 326 3365 ν
345 3312 447 3382 wytt]
466 3307 583 3366 πάντων
668 3305 874 3375 δάνδρόποις
890 3314 951 3365 Pet
973 3308 1152 3397 άνδροὶπων

135 3375 298 3460 δέπιδραξ
283 3381 394 3448 ξασθαι
416 3379 488 3448 Pon]
526 3397 581 3433 πιιι
600 3373 619 3432 ά
622 3379 732 3446 ξασθαι
817 3383 851 3432 14
871 3376 962 3463 πόρον
980 3380 1025 3448 H]³
1008 3373 1153 3448 ]δπο’σον

137 3452 170 3500 15
193 3438 232 3502 διν
249 3450 312 3501 add.
331 3451 358 3500 H
390 3374 636 3518 Ιίλλιαβιάδηῖξ
623 3465 649 3515 p.
670 3450 718 3500 129
788 3451 820 3502 18
842 3440 934 3502 ταύτὰ
957 3446 1039 3518 ask]
1059 3449 1153 3503 ταῦτα

136 3519 169 3566 22
187 3524 216 3567 ετ
233 3518 267 3568 23
285 3511 359 3570 ἀλλὰ
378 3449 457 3568 τΙί-
474 3465 587 3584 meda
588 3516 695 3569 Criton.
711 3515 778 3568 440
