2436 3870
324 146 578 200 FRAGMEN'I'UM
595 149 810 201 EPISTOLAE.
923 169 926 175 “
1015 150 1075 214 381

65 277 240 369 ἄρχουσιν,
268 279 338 346 ἐπεὶ
364 273 513 347 κύκεῖνοι
530 277 656 367 τρόπον
681 275 757 346 τινα
783 292 853 358 τοῖς
871 289 965 361 θεοῖς
989 282 1076 370 ίερα-

64 384 213 470 νεύουσι,
241 384 388 470 φύλακες
416 381 509 465 ὄντες
535 386 604 452 τῶν
626 384 751 472 νόμων,
779 381 862 453 ιἰλλὰ
888 385 929 452 τύ
956 413 993 471 γε
1020 390 1078 474 τής

65 488 203 570 εὐνοίας
229 488 319 580 παρὰ
346 486 433 559 πολύ
460 488 522 580 χρή
550 491 662 579 νέμειν
688 490 828 572 τούτοις.
865 495 901 559 οί
925 490 986 579 μὲν
1013 489 1121 581 γὰρΙ)
1158 578 1160 586 ⁸

62 594 188 684 ’Λχαιοὶ
216 602 333 687 καίπερ
360 597 519 685 πολέμιον
547 595 629 668 ὅντα
651 596 711 668 τὸν
740 600 828 690 ίερέα
855 598 1078 688 προσέταττον

40 709 239 778 ιαίθεῖσθαι
270 706 316 797 τῷ
349 710 494 792 βασιλεῖ·
527 701 620 794 ἡμεῖς
656 708 693 777 δὲ
727 706 806 778 οὐδέ
842 706 921 791 τούς
958 712 1078 797 φίλους

67 811 257 900 αἰδούμεθα
284 809 364 892 τούς
391 810 593 902 εὐχομένους
620 810 704 905 ὑπὲρ
723 811 819 903 ήμῶν
845 818 902 884 καὶ
919 817 1078 898 θύοντας.

144 914 229 987 Ἀλλ’
260 921 392 1009 ἐπείπερ
425 915 443 988 ὁ
471 920 572 1005 λόγος
602 926 651 1002 είς
681 918 743 1008 τήν
774 921 875 990 πύλαι
908 925 1077 1010 ποθουμέ-

66 1055 130 1115 νην
159 1023 264 1116 ἀρχήν
296 1025 474 1113 ἐλήλυθεν,
507 1023 602 1107 ύξιον
629 1025 720 1095 εἷναί
748 1055 805 1114 μοι
833 1027 962 1117 (δοκεῖ)
991 1034 1077 1096 διελ-

65 1145 144 1203 θεῖν
173 1134 301 1220 έφεξής,
329 1127 444 1213 ὁποῖός
462 1160 511 1213 τις
530 1128 615 1201 ύνὸ
637 1131 743 1218 ίερεύς
761 1130 862 1214 αὐτός
879 1161 914 1202 τε
942 1138 1079 1214 δικαίοις

29 1271 53 1308 ιο
66 1237 285 1327 τιμηθήσεται
313 1292 453 1306 ......
480 1237 518 1307 τὸ
551 1236 616 1329 γαρ
648 1235 809 1329 ήμέτερον
842 1237 884 1308 ού
911 1238 973 1327 χρή
1002 1260 1077 1309 σκο-

66 1360 143 1414 πεῖν
171 1341 252 1413 οὐδὲ
279 1344 451 1431 ἐξετάζειν,
479 1336 563 1413 ἀλλὰ
590 1347 652 1426 ἕως
675 1341 717 1413 ύν
746 1345 854 1435 ίερεύς
880 1372 929 1426 τις
956 1343 1131 1433 ὄνομά-297

68 1459 174 1537 ζηται,
204 1452 303 1538 τιμᾶν
335 1447 440 1519 αὐτὸν
472 1449 533 1538 χρή
565 1452 622 1519 καὶ
653 1451 869 1540 θεραπεύειν,
901 1457 933 1520 εί
963 1451 1001 1520 δέ
1027 1462 1077 1538 είη

66 1555 233 1645 πονηρός,
271 1552 499 1646 ἀφαιρεθέντα
535 1554 597 1644 τήν
635 1557 822 1646 ἱερωσύνην
859 1552 905 1637 ὡς
941 1554 1079 1638 ιἰνύξιον

67 1660 309 1749 ἀποφανθέντοι
341 1665 513 1752 περιορᾶν·
546 1665 608 1742 έως
635 1661 672 1729 δὲ
704 1661 848 1751 προθύει
875 1663 932 1730 καὶ
959 1663 1078 1748 κατύρ-

30 1798 52 1837 ιι
67 1796 158 1857 χεται
189 1769 246 1837 καὶ
277 1773 474 1858 παρίσταται
505 1782 576 1848 τοῖς
601 1778 710 1853 θεοῖς,
743 1763 788 1846 ὥς
818 1765 855 1835 τὸ
884 1767 1080 1854 τιμιώτατον

66 1878 136 1943 τῶν
162 1877 255 1942 θεῶν
281 1877 388 1961 κτήμα
420 1874 664 1962 προσβλεπτέος
696 1874 787 1941 ἐστὶν
813 1868 894 1959 ήμῖν
921 1870 1002 1959 μετὰ
1029 1879 1079 1940 αῖ-

68 1981 152 2061 ὃοῦς
178 1982 233 2048 καὶ
252 1976 434 2066 εὐλαβείας.
471 1978 596 2048 ἄτοπον
615 1978 690 2068 γάρ,
718 1983 749 2046 εί
774 1976 853 2058 τοὺς
871 1977 932 2065 μέν
950 1984 1080 2064 λίθους,

68 2087 102 2166 ἐξ
136 2076 183 2153 οἷν
216 2090 252 2154 οί
286 2087 393 2172 βωμοὶ
429 2092 645 2172 πεποίηνται,
682 2081 739 2152 διὰ
774 2082 812 2152 τὸ
849 2086 1080 2171 καθιερῶσθαι

56 2206 139 2278 τοῖς
156 2202 251 2272 θεοῖς
280 2189 505 2280 ἀγαπήσομεν,
533 2188 585 2259 ὅτι
603 2186 740 2279 μορφήν
763 2195 878 2276 έχουσι
896 2190 951 2257 καὶ
971 2191 1080 2276 σχήμα

26 2328 53 2367 ιο
67 2299 217 2389 πρέπον,
254 2303 302 2378 είς
337 2294 381 2384 ήν
417 2302 481 2365 είσι
521 2297 819 2383 κατεσκευασμένοι
859 2300 1117 2383 λειτουργίαν,Β

69 2403 179 2494 ἄνδρα
211 2403 249 2473 δὲ
280 2404 543 2491 καθωσιωμένον
574 2416 644 2483 τοῖς
673 2413 768 2482 θεοῖς
801 2398 863 2470 οὐκ
895 2401 1082 2489 οἰησόμεθα

68 2513 190 2601 χρήναι
218 2510 325 2597 τιμᾶν.
367 2518 447 2588 ἴσως
474 2504 683 2595 ὑπολήψεταί
706 2529 767 2588 τις·
796 2504 878 2576 ύλλύ
897 2505 1081 2576 ιἰδικοῦντα

68 2616 125 2684 καὶ
166 2614 435 2705 ἐξαμαρτάνοντα
475 2612 581 2682 πολλὰ
621 2617 689 2682 τῶν
728 2612 812 2702 πρὸς
856 2611 934 2693 τούς
979 2611 1082 2693 θεοὺς

70 2717 194 2804 ὁσίους
232 2718 296 2807 ἐγὼ
329 2720 371 2808 δή
404 2746 489 2807 φημι
520 2721 640 2809 χρήναι
666 2716 727 2787 τὸν
754 2719 815 2805 μὲν
841 2721 996 2787 τοιούτου
1033 2719 1082 2798 ε’ξ-

26 2856 55 2896 25
71 2828 227 2914 ελέγχειν,
256 2824 375 2914 ἵναμή
394 2822 542 2915 πονηρὸς
561 2821 609 2893 &v
628 2827 747 2912 ἐνοχλή
775 2822 854 2904 τοὺς
877 2824 991 2909 θεούς,
1019 2825 1081 2906 ἔοις

70 3003 365 3183 ν]1ύργουοιν]
330 3047 365 3112 V]
386 3039 422 3113 ύρ
443 3061 508 3098 ονοι
576 3050 593 3096 4
616 3037 732 3113 Ἀγαιολή
722 3043 834 3112 jlliad
855 3061 886 3106 α,
904 3047 937 3094 23
1007 3040 1083 3102 λείς

103 3108 168 3183 ]ές
254 3114 381 3167 8ὃοιιεῖ
395 3064 458 3165 ιρὰ.
477 3115 560 3176 coh..
583 3115 643 3165 Pet.
660 3107 741 3178 οἶμαι
763 3129 812 3178 pro
831 3107 910 3163 εἷναί
926 3126 975 3175 μοι
993 3126 1084 3176 susp1

67 3190 152 3234 catur
222 3185 254 3233 10
272 3183 415 3233 Lacunam
432 3182 565 3244 indicavi·
584 3198 648 3232 nam
666 3181 764 3232 deesse
783 3179 889 3244 aliquid
907 3178 1037 3228 Reiskius
1056 3185 1084 3227 et

71 3252 160 3302 Cobe
149 3255 194 3300 us
222 3251 355 3301 viderunt.
395 3251 475 3300 Ηοοο
504 3250 563 3300 fere
592 3245 723 3299 videntur
751 3247 906 3298 excidisse.
937 3241 987 3296 καλ
1017 3241 1084 3303 τούς

70 3312 163 3378 θεούς
185 3315 329 3398 τιμᾶσθαι
349 3310 467 3393 ποιήσει
524 3319 574 3368 14
596 3309 813 3380 ύποφανθέντα
830 3311 868 3380 V]
893 3307 1084 3376 ἄποφοινέντα

43 3445 48 3459 .
72 3389 105 3438 19
134 3379 333 3467 ἀγαπήσομεν]
361 3374 578 3460 αγαπῶμενῖ
571 3383 627 3436 vid.
646 3382 747 3433 Cobeti
772 3381 806 3432 N.
830 3383 862 3432 L.
887 3399 915 3500 p.
932 3383 981 3430 361
1051 3382 1083 3430 21

71 3448 298 3584 καθωσιοηήένον
327 3449 404 3516 Gob.]
435 3443 667 3516 καθοσιούμενον
752 3452 785 3500 22
812 3441 1004 3513 ύπολείήιεται
1027 3453 1082 3513 pet.

71 3523 106 3571 24
124 3514 216 3572 1va
250 3535 307 3570 τοιν
