2446 3870
150 150 212 214 110
451 149 594 200 IULIANI
611 145 865 199 IMPERATORIS

149 304 229 366 γονε
255 275 339 346 κατὰ
367 276 493 358 πάντας
520 272 724 364 ἀνθρώπους
746 275 905 362 ἐκφανές
929 272 1072 342 ἐκάλουν
1099 271 1165 362 γάρ

149 381 255 452 αὐτὸν
291 385 434 472 Περσῶν
471 386 506 452 οί
540 380 702 472 γνώριμοι
739 379 851 470 ὅτιπερ
891 376 1065 467 Ἀθηναῖοι
1105 376 1167 448 τὸν

149 489 343 579 Σάραμβον.
478 491 480 495 ⁴

228 592 312 665 Ἀλλ’
344 601 431 665 εὀικε
457 593 523 684 γάρ
551 590 698 680 ὁλόγος,
726 591 837 682 ὥσπερ
865 588 951 670 ὁδοῦ
978 618 1070 672 τινος
1086 619 1165 663 κατ-

150 702 274 783 άντους
292 700 539 790 ἐπιλαβόμενος,
558 697 706 788 ἀφειδῶς
728 703 952 788 ἐμφορεῖσθαι
969 702 1028 786 τῆς
1045 724 1195 788 καταρι

150 808 278 897 ρήσεως
303 808 360 877 καί
386 806 471 897 πέρα
497 810 561 877 τοῦ
587 807 723 888 δέοντος
749 805 901 888 κολάζειν
932 807 1000 873 τῶν
1028 801 1168 895 άνδροῖν

149 912 229 995 τοὺς
255 913 411 1003 τρόπους,
439 912 523 984 ὥστε
552 910 614 983 οὐκ
632 914 843 1003 ἐπιτρεπτέον
866 907 956 1003 αὐτῷ
984 913 1167 1002 περαιτέρω

96 1039 130 1090 86
151 1022 283 1107 φοιτᾶν.
324 1017 525 1109 ἀπαιτητέον
553 1019 591 1090 δέ
617 1025 665 1102 είς
693 1019 839 1108 δύναμιν
865 1015 926 1086 τὸν
954 1013 1088 1104 ἀγαθον
1102 1014 1167 1087 ,άν-

150 1131 215 1216 δρα
241 1128 297 1196 καὶ
325 1125 501 1215 βασιλικὸν
520 1128 576 1215 καὶ
594 1125 839 1215 μεγαλόφρονα.
880 1129 949 1194 ἐστι
968 1122 1006 1191 δὲ
1032 1125 1169 1213 πρῶτον

149 1232 211 1321 μὲν
239 1229 380 1320 εὐσεβὴς
406 1234 462 1301 καί
486 1229 549 1301 οὐκ
577 1228 739 1321 ὀλίγωρος
756 1236 937 1321 θεραπείας
963 1232 1067 1318 θεῶν,
1095 1227 1169 1299 εἶτα
1184 1256 1211 1296 ιο

150 1340 184 1419 ἐς
215 1335 295 1418 τοὺς
325 1339 442 1418 τοκέας
474 1336 597 1421 ζῶντάς
627 1362 664 1406 τε
694 1335 788 1425 οἶμαι
819 1338 877 1407 καὶ
906 1335 1170 1424 τελευτήσαντας

151 1441 242 1523 ὅσιος
276 1445 333 1512 καὶ
365 1443 532 1533 ἐπιμελής,
569 1439 729 1532 ἀδελφοῖς
759 1471 794 1512 τε
826 1441 961 1528 εὔνους,
998 1444 1054 1511 καὶ
1087 1437 1169 1531 ὁμο-

150 1555 269 1636 γνίους
300 1548 404 1631 θεοὺς
436 1549 651 1639 αἰδούμενος,
685 1552 806 1631 ἱκέταις
837 1550 894 1619 καὶ
926 1550 1034 1631 ξένοις
1060 1550 1169 1641 πρᾷος

149 1657 206 1725 καὶ
233 1662 389 1744 μείλιχος,
415 1671 485 1738 τοῖς
503 1656 565 1745 μὲν
583 1654 727 1744 ἀγαθοῖς
752 1659 822 1726 τῶν
839 1658 985 1726 πολιτῶν
1013 1650 1170 1744 ἀρέσκειν

150 1763 294 1849 ἐθέλων,
325 1765 394 1831 τῶν
425 1766 558 1832 πολλῶν
591 1763 629 1832 δὲ
661 1762 895 1852 ἐπιμελόμενος
931 1765 969 1830 ἐν
1000 1766 1078 1850 δίκχ
1110 1763 1208 1831 καὶαι

150 1865 202 1937 ἐπ’
238 1865 394 1960 ὠφελείᾳ·
432 1866 543 1960 ἀγαπᾷ
577 1869 614 1939 δὲ
649 1872 812 1956 πλοῦτον,
851 1866 926 1938 οὔτι
956 1865 1016 1936 τὸν
1053 1871 1169 1959 χρυσῷ

110 1977 208 2043 Βκαί
235 1972 372 2069 άργόρφ
400 1975 623 2066 βριθόμενον,
651 1982 761 2065 φίλων
789 1975 826 2045 δέ
854 1973 1005 2062 ἀληθοῦς
1032 1970 1169 2051 εὐνοίας

150 2084 207 2151 καὶ
248 2080 475 2153 ἀκολακεύτου
515 2089 697 2172 θεραπείας
732 2081 866 2172 μεστόν·
909 2078 1064 2169 ἀνδρείας
1106 2079 1168 2168 μὲν

151 2187 252 2275 φύσει
279 2191 335 2258 καί
366 2189 631 2278 μεγαλοπρεπής,
662 2191 794 2281 πολέμῳ
828 2188 866 2257 δέ
894 2185 1013 2276 ἥκιστα
1040 2193 1167 2276 χαίρων

151 2293 206 2361 καὶ
240 2294 357 2362 στάσιν
390 2293 555 2381 ἐμφύλιον
587 2292 819 2385 άπεχθαίραν,
850 2294 930 2375 τούς
961 2319 999 2379 γε
1030 2290 1098 2380 μὴν
1131 2299 1218 2362 ἐκεί·

150 2423 242 2479 τινος
276 2397 378 2486 τύχης
409 2400 657 2488 ἐπιφυομένους
687 2397 708 2488 ἢ
741 2400 798 2471 διὰ
829 2399 892 2488 τὴν
924 2401 1023 2487 σφῶν
1054 2395 1168 2468 αὐτῶν

151 2510 342 2593 μοχθηρίαν
382 2500 545 2596 ἀνδρείως
590 2502 818 2597 ὑφιστάμενος
858 2508 914 2577 καὶ
955 2502 1167 2594 ἀμυνόμενος

151 2610 328 2698 ἐγκρατῶς,
354 2612 448 2693 τέλος
474 2640 509 2682 τε
536 2612 670 2701 ἐπάγων
696 2628 767 2695 τοῖς
794 2620 905 2703 ἐργοις
931 2612 987 2683 καί
1015 2607 1058 2681 οὐ
1085 2611 1166 2701 πρό-

150 2742 248 2804 τερον
276 2713 513 2807 ἀφιστάμενος,
537 2722 618 2810 πρὶν
646 2715 689 2789 άν
712 2721 803 2808 ἐξέλῃ
821 2723 890 2788 τάν
917 2723 1086 2804 πολεμίων
1104 2715 1167 2805 τὴν

112 2821 299 2910 Οδάναμιν
330 2826 386 2892 καὶ
419 2821 613 2916 ὑποχείριον
645 2822 735 2918 αὑτῷ
766 2826 954 2915 ποιήσηται.
998 2823 1167 2913 κρατήσας
1179 2845 1203 2886 2⁵

151 2928 189 2999 δέ
216 2927 296 3018 μετά
323 2932 391 2999 τῶν
418 2930 531 3002 ὅπλων
554 2938 678 3002 έπαυσε
700 2930 739 3001 τὸ
759 2934 856 3020 ξίφος
884 2932 1012 3020 φόνων,
1040 2936 1168 3018 μίασμα

151 3042 277 3126 κρίνων
309 3035 370 3105 τὸν
404 3035 466 3108 οὐκ
498 3035 711 3127 ἀμυνόμενον
743 3044 790 3107 ἔτι
817 3045 959 3108 κτείνειν
987 3036 1044 3104 καὶ
1071 3033 1167 3104 άναι-

152 3156 232 3234 ρεῖν.
275 3143 459 3232 φιλόπονος
487 3144 525 3213 δέ
548 3141 597 3215 άν
625 3144 727 3233 φύσει
753 3145 809 3214 καὶ
836 3144 1079 3234 μεγαλόψυχος
1096 3169 1166 3211 κοι-

153 3311 357 3441 M
371 3307 727 3467 ιιιιαίμέιιιις
748 3308 1168 3458 θειιιίεπιςαιῑ

151 3441 327 3528 μελοάμενος
396 3453 430 3502 24
446 3448 514 3518 πρὶν
533 3470 571 3505 αν
588 3450 622 3519 V]
641 3448 712 3520 πρὶν
729 3451 826 3504 πᾶσαν
886 3453 919 3503 25
937 3463 1090 3515 ποιηαεται
1108 3447 1167 3499 VM

140 3514 180 3563 26
195 3513 316 3582 φονον]
334 3517 459 3582 φονάνλ
