2408 3856
479 121 613 173 ORATIO
632 123 668 172 11.
1037 121 1077 188 73

108 251 110 266 '
148 249 290 338 ἑκάτερα
322 264 393 330 τοῖς
425 251 595 318 ἱππεῦσιν·
628 247 805 329 ἐξόπισθεν
838 249 874 317 δέ
908 256 944 319 οί
974 265 1119 341 σφεν-Ι)

100 359 202 444 νῆται
239 358 295 423 καὶ
328 355 457 436 τοξόται
493 357 549 424 καὶ
582 350 709 423 ὁπόσον
747 357 782 423 ἐκ
818 354 928 445 χειρὸς
964 359 1076 445 βάλλει

88 460 193 551 ιμνόν
232 458 374 543 ἀσπίδος
414 464 470 530 καὶ
506 461 671 549 θώρακος.
727 459 814 530 οὕτω
852 471 1078 552 κοσμηθείσης

83 573 114 658 ᾗς
150 567 341 656 φάλαγγος,
374 567 473 657 μικρά
500 570 561 637 τοῦ
594 570 692 636 λαιοῦ
719 569 823 657 κέρως
850 569 1076 657 προελθόντος

84 701 150 744 παν
183 673 223 743 τὸ
252 677 410 762 πολέμιον
442 673 703 763 συνετετάρακτο
736 676 791 742 καὶ
825 672 888 744 οὐκ
915 676 1077 764 ἐφύλαττε

96 783 161 864 ξεν.
210 783 410 868 ἐγκειμένων
439 780 475 848 δέ
503 784 571 848 τῶν
591 780 717 848 ίππέων
744 783 800 848 καί
824 779 886 849 οὐκ
914 779 1078 850 άνιέντων

88 889 180 974 εύγει
214 885 275 974 μὲν
312 889 455 974 αἰσχρῶς
487 882 505 955 ό
543 884 604 973 τὴν
640 893 813 974 βασιλείαν
851 896 982 976 αἴσχιον
1019 885 1076 979 άρ-

92 994 179 1078 ἕσας,
208 999 311 1062 λείπει
339 992 375 1061 όέ
395 990 502 1061 αὐτοῦ
529 990 590 1061 τόν
609 994 776 1079 ἵππαρχον
803 994 858 1060 καὶ
886 995 1077 1083 χιλιάρχους

92 1102 114 1168 ιὶ
143 1098 343 1188 ταξιάρχους
368 1100 458 1168 πάνυ
486 1095 632 1179 πολλοὺς
650 1099 706 1166 καὶ
734 1101 928 1187 ἐρρωμένως
955 1097 1076 1186 άγωνι-

92 1207 237 1294 (μένους,
270 1207 324 1274 ἐπὶ
350 1208 431 1273 πᾶσι
460 1204 498 1273 όέ
525 1203 587 1293 τὴν
614 1202 756 1292 ποιητὴν
782 1209 844 1274 τοῦ
870 1206 1078 1297 τερατοόόονς

96 1315 116 1379 εὶ
144 1314 321 1397 ἐξαγίστον
340 1311 518 1400 δράματος,
546 1307 582 1392 ὃς
600 1314 731 1400 πρῶτος
758 1314 811 1379 ἐπὶ
829 1316 916 1382 νοῦν
943 1313 1077 1402 ἐβάλετο
1095 1333 1129 1380 58

88 1421 281 1506 ταποιῆσαι
308 1416 370 1505 τὴν
398 1424 572 1505 βασιλείαν
590 1419 645 1485 καὶ
674 1415 858 1504 ἀφελέσθαι
885 1424 946 1488 τοῦ
974 1424 1078 1511 γέρως

88 1527 154 1608 αᾶς.
192 1525 248 1593 καὶ
276 1526 357 1605 τέως
384 1525 422 1613 (μ
423 1523 522 1612 ἐνί)
520 1551 613 1651 χαιρε
639 1526 697 1612 τῆς
724 1523 855 1613 πραότης
882 1533 997 1616 πείρας
1015 1525 1078 1597 οέκ

8 1679 11 1681 Α
64 1629 269 1717 όποσφαλεὶς
297 1626 423 1699 οὐόέ’
406 1629 611 1718 αμαρτήσας,
633 1629 707 1698 τότε
735 1630 773 1698 δὲ
801 1631 988 1718 ἐφεστάσας
1016 1633 1078 1714 ξὺν

88 1742 138 1825 ίκγγ
166 1734 288 1817 ποινάς
320 1733 503 1805 άπαιτείται
534 1739 603 1804 τῶν
635 1741 743 1825 ἔργων
775 1739 831 1805 καὶ
860 1735 1002 1808 άπιστον
1029 1767 1076 1807 τι-

88 1849 192 1932 ωρίαν
225 1843 460 1931 εἰσπράττεται.
510 1843 646 1911 πάντων
677 1840 741 1932 γάρ
774 1839 893 1913 ὁπόσοι
923 1849 986 1914 τοῦ
1016 1872 1076 1914 πο-

92 1951 163 2036 (μου
205 1952 252 2041 τῷ
293 1949 449 2040 τυράννῳ
487 1948 726 2037 συνεφήψαντο
769 1949 919 2037 ἐμφανὴς
960 1950 1020 2037 μὲν
1058 1947 1076 2019 ὁ

96 2055 225 2141 άνατος,
263 2055 347 2144 δήλη
380 2052 413 2124 θ’
447 2050 468 2143 ἡ
502 2053 594 2143 φυγὴ
630 2055 686 2122 καὶ
724 2051 834 2122 άλλων
871 2057 1076 2142 μεταμέλεια·

96 2164 214 2231 ε’τευου
241 2159 307 2251 γάρ
325 2170 454 2248 πολλοί,
481 2163 537 2230 καὶ
556 2167 676 2249 ἔτυχον
695 2157 838 2241 ἅπαντες
865 2161 1076 2251 συγγνώμης,
1094 2183 1117 2236 Β

96 2270 226 2348 νσιλέως
257 2266 317 2336 τὸν
349 2271 407 2356 τῆς
440 2269 577 2348 Θέτιδος
608 2262 903 2356 ὑπερβαλλομένου
938 2278 1077 2357 μεγαλο-

96 2374 228 2463 ροσόνγ.
266 2369 364 2461 ὁμὲν
387 2374 462 2464 γάρ,
490 2372 603 2461 ἐπειδὴ
621 2373 816 2463 Πάτροκλος
842 2379 969 2462 ἔπεσεν,
998 2374 1078 2446 οὐδὲ

92 2481 263 2570 ιπράσκειν
295 2477 436 2562 ἁλόντας
463 2485 511 2548 ἔτι
542 2478 623 2560 τοὺς
649 2486 828 2569 πολεμίους
853 2478 966 2569 ἠξίου,
999 2479 1071 2550 ἀλλ’

92 2586 272 2667 ἐτεόοντας
299 2588 373 2674 περὶ
390 2602 461 2668 τοῖς
483 2586 626 2673 γόνασιν
644 2591 801 2655 ἔκτεινεν·
830 2584 847 2656 ό
878 2587 915 2656 δὲ
942 2588 1078 2677 ἐκήρυτ-

88 2719 117 2760 εν
149 2691 268 2761 άὸειαν
294 2707 365 2774 τοῖς
397 2692 654 2780 ἐξαρνονμένοις
685 2690 747 2780 τὴν
775 2694 1003 2783 ξυνωμοσίαν,
1036 2692 1079 2765 οὐ

84 2800 220 2868 1ανάτου
256 2797 363 2886 μόνον
399 2795 420 2887 ἢ
457 2800 568 2886 φυγῆς
598 2795 621 2886 ἥ
656 2825 748 2880 τινος
784 2797 885 2889 άλλης
920 2808 1079 2891 τιμωρίας

92 2908 221 2994 οαιρῶν
247 2903 308 2974 τὸν
336 2904 458 2993 φόβον,
488 2902 598 2992 ὥσπερ
626 2903 663 2973 δέ
683 2911 719 2973 ἔκ
736 2932 828 2987 τινος
854 2913 1078 2994 ταλαιπωρίας

131 3093 145 3138 1
172 3085 372 3168 σφενδονῆται
395 3088 468 3156 VM]
494 3087 685 3169 σφενδονῖται
753 3093 769 3142 3
794 3105 869 3140 ουτω
888 3086 961 3155 VM]
987 3083 1078 3148 ουτως

93 3151 324 3275 συνετοιέάρακτο
342 3154 380 3222 Η]
401 3152 614 3222 συντετάραλιτο
683 3159 699 3208 6
718 3173 770 3222 την
790 3149 899 3219 τάξινλ
964 3158 994 3206 11
1014 3149 1078 3224 ἐβά-

93 3239 126 3274 το
143 3221 184 3290 V]
207 3215 344 3287 ἐβάλλετο
430 3228 462 3276 13
488 3218 543 3290 μὲν
562 3224 625 3274 add.
648 3225 716 3274 Rsk.
804 3226 836 3272 14
864 3216 1078 3304 ἐφεσιάσας-

92 3291 284 3344 ιαιτειταιΒ.
296 3285 527 3358 Ρτίεᾱετίολι]ίφ
529 3305 614 3352 εστως
633 3285 715 3344 ἂν-
728 3287 854 3342 ἀπαιτεῖ.
881 3295 972 3355 Atque
990 3283 1079 3342 άπαι·

84 3362 156 3411 (ἴτυν
175 3358 283 3424 quidem
307 3359 491 3411 confirmatV
505 3310 527 3424 Ι
547 3354 602 3439 {vv
620 3362 677 3411 VM
718 3350 772 3410 σόν
840 3361 874 3409 24
898 3357 993 3425 ξυνωμ
996 3357 1078 3438 ρσίαν

0 3454 7 3494 ,²
66 3422 131 3502 (11]
151 3427 335 3506 συνωμοσίαν
392 3429 425 3477 26
442 3422 494 3479 τὸν
513 3426 605 3508 φοβον
623 3426 681 3479 VM
713 3421 763 3476 καί
781 3417 831 3476 τόν
850 3418 943 3493 φόβον
963 3417 1005 3495 Ι’
988 3444 1078 3492 αφαι-

63 3510 118 3557 ρων
136 3489 190 3545 τὸν
208 3485 303 3560 φόβον
319 3492 353 3560 V]
373 3489 423 3546 τόν
442 3486 572 3561 φόβον’
553 3489 689 3560 σφαιρῶν
