2446 3870
155 151 198 216 80
456 154 600 205 IULIANI
620 154 870 205 IMPERATOIIIS

155 308 186 348 τι
213 279 385 368 τεττάρων.
414 279 503 349 οίδὲ
523 282 622 371 ἐντῷ
650 286 747 368 τείχει
767 283 914 367 συνεχως
942 276 1170 369 ἀπεκρούοντο
1195 298 1197 301 ’

154 385 233 466 τοὺς
270 387 463 476 βαρβάρους
499 378 786 474 καταπιμπράντες
821 384 879 466 τὰς
915 380 1078 475 μηχανάς,
1101 402 1171 468 τοῖς

155 493 356 583 πυρφόροις·
384 496 470 573 ναῦς
498 492 535 562 δὲ
554 489 709 561 ἀνεῖλκον
727 490 852 572 πολλάς
873 492 934 579 μὲν
962 496 998 561 ἐκ
1025 497 1086 562 τοῦ
1105 502 1169 562 τεί-
1208 538 1210 540 -

154 626 244 686 χους,
272 597 368 683 άλλαι
397 599 434 668 δὲ
461 599 686 685 κατεάγνυντο
715 594 782 666 ὑπὸ
802 598 915 686 ῥώμης
937 601 1006 667 τάν
1034 597 1170 688 άφιεμέ-

139 733 225 773 νων
254 702 410 795 ὀργάνων
437 707 493 774 καὶ
512 705 639 793 βάρους
665 707 733 773 τῶν
761 706 877 792 βελῶν.
914 706 1075 793 ἐφέροντο
1104 705 1196 796 γάρι

101 832 135 879 63
154 817 202 892 είς
229 808 332 893 αὐτάς
359 818 451 881 λίθοι
477 812 651 881 ταλάντων
680 807 779 899 ὁλκῆς
804 808 959 881 Ἀττικῶν
987 812 1076 881 ἑπτά.
1112 817 1168 882 καὶ

155 915 267 1005 ἐπειδὴ
301 934 439 1006 συχναῖς
471 915 608 1008 ἡμέραις
634 915 728 987 ταῦτ’
758 921 893 1006 ἐδρᾶτο,
922 918 1085 1006 ῥήγνυται
1111 923 1168 1008 με’·
1213 935 1217 940 ⁴

139 1051 213 1113 v(209
239 1028 301 1092 τοῦ
327 1025 478 1113 χώματος
506 1027 561 1094 καὶ
585 1021 692 1112 ἡτῶν
720 1020 855 1092 όδάτων
873 1026 963 1114 ἐκρεῖ
979 1025 1169 1114 πλήμμυρα,

154 1132 209 1199 καὶ
238 1128 287 1198 ἐπ’
318 1127 403 1218 αὐτῇ
430 1134 491 1198 τοῦ
510 1136 639 1218 τείχους
657 1132 756 1217 μέρος
776 1127 838 1199 οὐκ
867 1137 1009 1199 ἔλασσον
1036 1131 1169 1219 πήχεων
1221 1211 1222 1214 ¹

154 1234 273 1305 ἑκατὸν
300 1237 565 1324 ουγκατηνέχθη.
602 1239 750 1305 ἐνταῦθα
778 1253 896 1324 κοσμεῖ
920 1237 982 1324 τὴν
1010 1235 1170 1325 στρατιάν
1185 1263 1223 1309 ιο,

154 1340 214 1408 τὸν
247 1339 415 1432 Περσικόν
447 1343 581 1433 τρόπον.
628 1343 831 1426 διασώζουσι
862 1341 926 1433 γάρ
958 1344 1014 1411 καὶ
1048 1341 1169 1432 άπομι-
1214 1356 1215 1360 ’

152 1450 295 1535 μοῦνται
313 1446 353 1518 τά
372 1449 520 1541 Περσικά
544 1447 605 1519 οὐκ
623 1447 804 1535 ἀξιοῦντες,
832 1451 904 1537 ἐμοὶ
932 1455 1055 1536 δοκεῖν,
1075 1458 1169 1538 Πάρ-
1220 1499 1221 1504 1

138 1564 270 1623 θυαῖοι
298 1563 507 1643 νομίζεσθαι,
535 1558 663 1643 Πέρσαι
691 1555 728 1623 δὲ
762 1554 847 1623 εἶναι
874 1555 1169 1643 προσποιούμενοι.

112 1661 259 1729 Βταῦτά
286 1689 337 1730 τοι
365 1664 420 1730 καί
439 1664 541 1749 στολῇ
560 1664 699 1748 Μηδικῇ
726 1667 894 1748 χαίρουσι·
922 1663 977 1730 καὶ
1002 1664 1034 1742 ἐς
1062 1662 1170 1750 μάχας

153 1772 306 1856 ἔρχονται
335 1764 457 1856 ὁμοίως
486 1770 625 1847 ἐκείνοις
648 1764 763 1847 ὅπλοις
790 1793 825 1835 τε
853 1764 1073 1854 άγαλλόμενοι
1101 1795 1168 1837 τοι·
1185 1797 1209 1836 ω

154 1873 265 1955 οότοις
292 1875 348 1943 καὶ
376 1874 565 1964 ἐσθημασιν
584 1874 774 1962 ἐπιχρύσοις
801 1875 857 1941 καὶ
885 1869 1072 1961 άλουργέοι.
1112 1895 1169 1943 σο-

152 1987 305 2067 φίζονται
333 1981 371 2049 δὲ
390 1984 551 2050 ἐντεῦθεν
578 1978 679 2068 τὸμὴ
708 1985 820 2049 δοκεῖν
848 1975 1033 2067 ἀφεστάναι
1053 1988 1169 2049 Μακε-

135 2087 275 2173 Ιδόντων,
302 2084 486 2175 ἀναλαβεῖν
505 2086 542 2155 δέ
560 2084 622 2173 τὴν
650 2088 682 2166 ἐξ
702 2083 843 2174 άρχαίου
871 2092 1045 2174 βασιλείαν
1064 2109 1168 2175 προσ-

150 2192 310 2280 ήκουσαν.
348 2190 476 2262 οὐκοῦν
503 2194 559 2261 καὶ
588 2187 605 2260 δ
635 2191 792 2279 βασιλεὺς
815 2178 942 2282 Ξέρξην
964 2192 1170 2281 μιμούμενος
1214 2250 1217 2253 Α

151 2299 208 2367 ἐπί
231 2324 322 2377 τινος
340 2298 572 2386 χειροποιήτου
596 2301 747 2385 καθῆστο
771 2298 935 2387 γηλόφου,
963 2303 1113 2388 προσῆγε
1132 2299 1170 2369 δὲ
1184 2329 1211 2368 νο

149 2398 170 2489 ἡ
199 2401 336 2492 στρατιὰ
364 2401 426 2484 ξδν
453 2418 521 2483 τοῖς
548 2411 690 2494 θηρίοις.
728 2407 832 2473 ταῦτα
860 2405 897 2474 δὲ
926 2406 958 2487 ἐξ
984 2402 1104 2479 ’,Ινδῶν
1123 2410 1168 2476 εί-

149 2534 240 2595 πετο,
259 2510 314 2576 καὶ
333 2515 453 2599 ἔφερεν
472 2512 507 2579 ἐκ
525 2511 667 2599 σιδήρου
686 2511 837 2602 πύργους
859 2514 1005 2593 τοξοτῶν
1023 2512 1169 2603 πλήρεις.

149 2610 297 2701 ἡγοῦντο
332 2615 368 2685 δὲ
406 2613 519 2685 αὐτῶν
552 2620 660 2698 ίππεῖς
697 2622 733 2686 οῖ
762 2617 1004 2707 θωρακοφόροι
1040 2620 1097 2687 καὶ
1136 2623 1172 2686 οῖ

110 2720 291 2807 Οτοξόται,
319 2725 432 2810 ἕτερον
461 2725 587 2791 ἱππέων
613 2727 744 2812 πλῆθος
776 2720 957 2812 ἀμήχανον.
1002 2722 1040 2792 τὸ
1068 2723 1168 2808 πεζὸν

149 2826 213 2917 γάρ
241 2849 325 2916 σφιν
357 2827 491 2920 ἀχρεῖον
524 2833 556 2910 ἐς
583 2828 623 2897 τδι
656 2827 817 2918 πολεμικά
848 2832 1054 2916 καθέστηκεν
1088 2829 1168 2898 οὔτε
1181 2851 1208 2896 ει

198 3053 214 3101 2
233 3044 489 3118 καταπιμπράντες
508 3053 549 3118 Μ,
568 3048 825 3132 καταπιμπρῶντες
842 3053 874 3115 V,
892 3045 1130 3119 καταπεπράντες
1150 3070 1166 3104 v

147 3113 378 3186 λκατεάγνυντο
402 3117 441 3184 V]
462 3113 638 3186 κατεάγοντο
666 3118 670 3184 Ι
697 3114 790 3186 βυμης
809 3119 930 3201 praefert
949 3120 1080 3172 Reiskius
1151 3123 1166 3172 6

145 3179 270 3251 Ἀττικῆς
294 3188 361 3239 Rsk.
432 3190 447 3239 7
470 3186 562 3238 ταῦτα
584 3188 642 3238 VM
716 3190 732 3239 8
760 3190 817 3252 πλη
839 3204 915 3254 μυρα
938 3185 982 3253 Η]
1006 3189 1087 3255 πλημ
1110 3185 1166 3251 ν’ρα
1216 3212 1218 3214 ·

149 3256 181 3303 12
200 3252 297 3305 δοκεῖν
316 3253 354 3321 Η]
376 3253 465 3311 δοκεῖ.
498 3255 688 3306 cf.ad30813
759 3258 791 3307 16
824 3249 971 3321 οθήμαοιν
992 3253 1057 3322 VM]
1092 3248 1164 3322 οθή·

147 3336 217 3399 ματη
289 3325 320 3374 17
344 3315 508 3388 άφεστάναι
525 3320 600 3388 VM]
619 3315 783 3403 ἀφεστάναι
853 3324 884 3373 18
908 3315 1010 3390 vij&
1029 3315 1165 3391 άρχαιόν]
1219 3356 1222 3365 =

148 3379 179 3450 ἐξ
198 3389 320 3455 αρχαίον
338 3387 392 3458 τὴν
410 3393 446 3454 V,
469 3385 499 3455 ἐξ
518 3384 608 3458 ἀρχῆς
625 3409 681 3457 την
698 3391 765 3453 Mv;
790 3387 842 3457 την
862 3406 922 3441 cum
941 3391 1054 3443 Reiskio
1074 3400 1166 3442 trans·

140 3457 226 3516 posui
307 3461 340 3508 20
361 3457 499 3526 προσῆγε]
523 3460 620 3509 MaIIm
642 3457 750 3525 προῆγε
829 3461 860 3509 21
886 3456 939 3521 ξὺν
963 3463 1025 3519 τοῖς
1048 3458 1166 3526 θηρίοις
1218 3461 1221 3465 ”

137 3518 212 3586 VM]
229 3520 286 3575 σάν
303 3525 425 3593 θηρίοις
496 3530 528 3580 ⁶25
547 3541 618 3594 σφιν
637 3523 673 3594 V]
693 3541 784 3591 φασιν
810 3525 815 3592 Ι
842 3518 871 3586 ἐς
888 3524 922 3592 V]
943 3522 984 3587 είς
