2414 3862
128 158 333 210 massonis
348 156 416 227 με]
427 159 574 227 (affleyl.)
587 163 628 213 τε.
642 160 789 227 (περι.)
804 166 845 215 τι.
860 162 905 228 (τε
915 140 1007 229 περ.)
1022 161 1086 226 595

68 301 265 381 συνομιλεῖν
283 298 478 384 δοκοῦμεν,
515 293 599 364 ἀλλὰ
628 299 685 365 καὶ
717 301 785 365 τῶν
816 323 854 383 με
886 300 952 381 νῦν
983 318 1085 387 προσ·

66 400 221 488 ηκόντων
244 399 289 481 ὡς
311 399 376 471 ὑπὸ
394 410 566 493 παρουσίᾳ
588 407 628 492 τῇ
650 408 692 493 σή
710 404 750 471 τὰ
771 405 881 473 είκότα
899 404 1084 491 κηδόμεθα.
1120 438 1123 443 ·

67 511 99 574 εί
121 506 236 573 δὲκαὶ
259 507 455 594 μράφεσθαί
475 529 529 577 σοι
551 507 629 597 παρ’
645 507 741 596 ήμῶν
764 508 810 591 ὡς
827 508 948 580 ἀπόντι
965 512 1085 596 θέλεις,

67 610 132 698 ὅρα
153 611 217 697 μὲν
239 609 329 693 ὅπως
350 614 396 701 μή
419 612 521 694 αὐτὸς
542 615 580 682 τὸ
605 619 717 683 δοκεῖν
737 613 834 702 ήμῶν
852 615 984 684 ἀπεῖναι
1003 619 1084 703 μάλ-

35 725 129 786 ελον
156 715 246 809 αὐτῷ
269 717 344 810 (τῷ)
371 720 515 809 γράφειν
542 709 681 789 ἐθέλειν
702 722 861 811 ἐκφήνης·
895 721 988 809 πλὴν
1006 717 1081 789 ἀλλ’

66 834 135 910 εῖμε
158 844 213 892 σοι
235 830 337 910 φίλον
361 826 441 911 ἐστί,
463 826 519 893 καὶ
542 826 626 912 πρὸς
647 830 746 896 τοῦτο
769 827 899 908 ἑκόντες
917 825 1084 895 ὑπακούο-

66 958 137 1018 μεν.
189 930 322 1011 πάντως
353 959 406 1018 χε,
437 932 476 1000 τὸ
505 937 567 1001 τοῦ
598 933 718 1019 λόχου,
749 935 874 1002 θέοντα
909 938 950 1022 τή
981 959 1084 1023 παρα-

65 1037 215 1106 κελεύσει
240 1037 301 1107 τὸν
329 1042 431 1107 ἵππον
463 1044 510 1119 είς
536 1044 654 1108 πεδίον
682 1039 777 1121 άξεις.
824 1039 884 1127 ἀγε
908 1034 971 1109 οὖν
995 1040 1085 1119 ὅπως

66 1141 246 1226 άντιδίδως
276 1145 317 1214 τά
350 1156 422 1232 ῖσα,
458 1148 513 1215 καὶ
545 1145 629 1234 πρὸς
659 1144 722 1234 τήν
754 1140 949 1234 ἀντίκλησιν
978 1149 1016 1215 ἐν
1043 1151 1084 1236 τή

21 1274 50 1313 ιο
64 1254 135 1319 τῶν
158 1248 347 1339 ἀμοιβαίων
369 1258 524 1341 συνεχείᾳ
546 1251 591 1340 μή
609 1252 823 1340 κατοκνήσας.
853 1258 961 1321 καίτοι
981 1258 1085 1340 ἔγωγε

66 1363 115 1437 είς
141 1358 204 1444 τήν
227 1355 310 1445 ὑπὲρ
333 1360 395 1426 τοῦ
417 1361 540 1426 κοινοῦ.
560 1377 614 1426 σοι
637 1360 820 1445 γινομένην
844 1356 996 1449 σπουδήν
1021 1356 1086 1426 οόκ

66 1465 174 1533 ἐθέλω
203 1469 365 1550 διοχλεῖν,
402 1461 474 1532 ἀλλ’
501 1462 569 1556 ὅσφ
598 1484 636 1532 σε
659 1464 814 1551 φυλάττω
838 1469 878 1553 τῇ
900 1465 992 1555 θήρα
1015 1471 1086 1535 τῶν

65 1575 203 1656 καλῶν,
231 1568 273 1641 οά
304 1569 412 1658 μόνον
444 1567 534 1659 (οὐκ)
567 1567 711 1656 ἀδικεῖν,
748 1567 832 1657 ἀλλά
867 1573 921 1639 καὶ
950 1572 1085 1660 ξύμπαν

66 1676 155 1764 ὁμοῦ
176 1676 214 1745 τὸ
233 1674 430 1763 Ἑλληνικὸν
452 1672 595 1762 ἀφελεῖν
618 1671 662 1744 ἀν
685 1679 843 1763 δοκοίην,
872 1674 981 1767 ὥσπερ
1005 1679 1085 1747 σκό-

24 1802 52 1842 1⁵
66 1791 151 1852 λακα
179 1796 352 1872 γενναῖον,
384 1780 549 1870 ἀόχλητον
576 1779 686 1868 ἀφιεὶς
713 1783 926 1869 ἐσχολακέναι
954 1803 991 1852 σε
1014 1799 1132 1865 votem

66 1892 142 1979 περὶ
163 1889 243 1971 τοὺς
264 1889 387 1976 λόγους
410 1898 538 1982 ίχνεσιν
561 1886 731 1979 ὁλοκλήρφ
754 1892 802 1980 τῷ
827 1888 956 1976 λήματι.
994 1895 1025 1958 εί
1047 1893 1088 1959 δέ

67 2017 122 2065 σοι
153 1999 317 2066 τοσοῦτον
347 1995 447 2082 τάχος
473 1999 655 2082 περίεστιν,
692 1992 737 2073 ὡς
766 1994 850 2080 μήτε
876 1998 944 2062 τῶν
973 2001 1085 2083 φίλων

67 2101 202 2190 ἀμελεῖν
229 2101 303 2191 μήτ’
330 2104 470 2181 ἐκείνοις
500 2103 626 2187 ἐνδεῖν,
660 2110 711 2168 ῖθι
735 2104 855 2189 χρήσαι
878 2099 956 2189 παρ’
983 2101 1084 2190 ἀμφω

67 2215 113 2304 τῷ
138 2211 262 2302 taiss-
772 2251 775 2255 ¹

419 2385 492 2463 ,οδ’.
537 2390 724 2476 Λιβανίφ.

155 2526 384 2608 Ἀποδέδωκας
417 2524 648 2614 Ἀριστοφάνει
686 2525 745 2605 τὰς
781 2522 921 2613 ἀμοιβάς
956 2528 1026 2614 τής,
1050 2553 1085 2594 τε

67 2637 143 2724 περὶ
166 2662 246 2715 τους
268 2634 371 2714 θεοὺς
393 2630 562 2720 εὐσεβείας
583 2630 639 2701 καὶ
661 2637 720 2720 τής
741 2634 816 2721 περὶ
840 2633 982 2701 σεαυτὸν
1002 2658 1084 2721 προ-

67 2748 211 2829 θυμίας,
244 2738 386 2828 ἀμείψας
413 2737 501 2830 αάτῷ
528 2741 584 2809 καὶ
612 2738 768 2827 μεταθεὶς
794 2737 834 2806 τὰ
857 2738 1008 2827 πρόσθεν
1033 2740 1084 2807 ἐπ-

135 2907 152 2955 4
176 2898 250 2981 ,μὲν
268 2901 425 2962 delendum,
448 2909 497 2952 aut
517 2916 578 2951 cum
596 2916 645 2964 μοι
662 2905 704 2951 est
722 2900 909 2951 mutandum.“
930 2900 997 2953 Rsk.
1068 2902 1084 2953 5

68 2965 148 3024 αὐτοῦ
166 2988 205 3023 τω
225 2966 360 3035 Sintenis]
390 2963 468 3020 αάτῶ
537 2972 553 3020 6
580 2960 642 3019 ἔστί
663 2967 763 3032 scripsi
780 2982 829 3031 pro
848 2959 924 3018 ἐστίν
993 2968 1009 3018 8
1033 2960 1085 3018 τόν

67 3024 158 3091 ῖππόν
175 3023 289 3104 Ηοχῖετ]
308 3034 358 3088 καὶ
376 3031 427 3089 τόν
446 3020 537 3087 ίππον
573 3037 604 3085 12
622 3032 716 3084 Malim
734 3025 809 3085 ἀλλά
827 3033 866 3102 τῷ
881 3048 912 3085 σε
926 3030 1084 3098 φυλάττειν

68 3111 101 3159 13
120 3096 173 3157 οὖν
193 3106 300 3156 adtfl
347 3106 379 3155 15
398 3119 428 3156 τε
446 3100 482 3167 Η]
502 3117 546 3154 σοι
563 3121 594 3166 v,
614 3099 717 3152 delevit
734 3100 818 3153 Hrch.
867 3103 899 3151 16
916 3102 1085 3166 „Fabricius

66 3192 117 3240 pro
141 3169 248 3242 βήματι
272 3175 313 3222 ait
334 3172 364 3222 in
381 3172 444 3222 aliis
461 3171 520 3235 legi
543 3163 681 3236 λήμματι,
708 3170 762 3219 imo
782 3185 847 3220 vero
866 3163 984 3236 λήματι,
1011 3170 1085 3235 quod

67 3243 192 3309 equidem
208 3237 392 3304 praeferam.“
411 3239 476 3289 Rsk.
540 3240 571 3288 18
588 3231 673 3304 παρ’]
692 3231 784 3299 πρόςλ
837 3239 870 3288 λθ
887 3238 968 3302 Apud
986 3238 1084 3287 Fabri-

51 3309 139 3361 'eium
164 3308 267 3359 desinit
292 3307 363 3358 haee
385 3306 505 3372 epistola
526 3307 555 3355 in
576 3305 670 3356 verbis
694 3301 722 3355 εί
745 3297 889 3363 πέπειιιάς
911 3319 947 3369 με
975 3303 1083 3367 (596,8),

67 3379 177 3444 reliqua
194 3376 322 3441 suppleta
340 3380 404 3426 sunt
422 3375 458 3425 ab
470 3375 492 3427 I.
506 3373 536 3424 O,
548 3372 646 3424 Wolfio
665 3373 699 3427 ad
712 3372 822 3422 Libanii
833 3372 975 3437 Epistolas
986 3387 1014 3436 p,
1024 3373 1082 3451 321'.

67 3448 205 3510 integram
232 3444 317 3494 habet
339 3441 481 3507 epistolam
505 3442 587 3491 stiam
609 3441 760 3492 Vaticanus
780 3440 845 3492 1353
915 3440 946 3489 21
971 3432 1084 3488 Ἀποδε-

68 3503 334 3578 διοκας-άμοιβάς
353 3511 400 3560 eit.
419 3509 538 3560 Thomas
555 3508 688 3572 Magister
706 3523 731 3572 p.
750 3510 792 3559 92.

817 3590 871 3645 38*
