2416 3864
142 131 207 196 352
446 127 591 180 ιιιιιειιι
612 126 858 180 ιιιειιιιειοειε

145 261 227 346 μενῆ
257 255 344 346 [τὴν
360 255 483 325 τούτου
515 252 675 342 γαμετὴν]
703 251 890 342 Εὐσεβίαν,
919 251 995 324 οὐδ’
1025 250 1070 322 ἀν
1097 252 1149 342 ἐγὼ

145 362 204 445 τὰς
240 378 351 453 χεῖρας
383 359 491 431 αὐτοῦ
521 361 594 430 τότε
631 361 806 449 διέφυγον.
855 367 965 430 καίτοι
1001 358 1048 448 μά
1085 360 1151 440 τοὺς

145 468 250 551 θεοὺς
278 466 352 539 οὐδ’
384 467 467 557 όναρ
495 494 553 555 μοι
580 467 699 555 φανείς
717 463 863 555 ἀδελφὸς
890 467 1079 557 ἐπεπράχει·
1106 467 1152 536 καὶ

146 575 210 667 γὰρ
238 573 318 645 οὐδὲ
350 578 460 663 συνην
492 570 583 665 αὐτῷ
613 570 693 642 οὐδὲ
724 575 870 661 ἐφοίτων
898 569 981 642 οὐδὲ
1008 573 1153 661 ἐβάδιζον
1200 664 1201 667 ¹

146 680 225 772 παρ’
256 679 376 768 αὐτόν,
409 677 558 767 ὀλιγάκις
585 679 623 747 δὲ
651 686 801 768 ἔγραφον
830 680 888 749 καὶ
915 675 1001 767 ὑπὲρ
1030 676 1172 767 ὀλίγωνι

106 785 194 870 Βάς
221 779 285 857 οὖν
313 784 502 876 ἀποφυγὼν
534 787 664 855 ἐνεῦδεν
696 783 839 873 άσμενος
871 785 1084 874 ἐπορευόμην
1109 787 1153 855 ἐπὶ

146 893 209 984 την
236 898 294 982 τῆς
320 891 443 983 μητρὸς
470 894 596 961 ἑστίαν·
630 894 786 985 πατρῷον
813 886 878 981 γάρ
906 888 1010 960 οὐδὲν
1038 888 1157 981 όπηργέ

147 1028 204 1090 μοι
237 998 317 1070 οὐδὲ
354 998 535 1088 ἐκεκτήμην
571 1001 607 1067 ἐκ
643 997 829 1084 τοσούτων,
867 995 958 1066 ὅσων
996 996 1087 1080 εἰκὸς
1120 990 1155 1085 ἦν

149 1109 274 1197 πατέρα
306 1109 488 1194 κεκτῆσθαι
521 1102 581 1176 τδυ
608 1105 705 1193 ἐμόν,
738 1101 801 1173 οὐκ
833 1105 1010 1192 ἐλαχίστην
1044 1109 1156 1192 βῶλον,

149 1211 212 1283 οὐκ
239 1211 467 1301 ἀνδράποδον,
495 1207 558 1279 οόκ
587 1215 710 1280 οίκίαν
740 1206 757 1279 ὁ
786 1209 850 1299 γάρ
868 1237 920 1278 τοι
946 1208 1051 1291 καλὸς
1070 1219 1183 1279 Κων-ιι

96 1364 101 1375 ·
149 1319 302 1398 στάντιος
329 1316 595 1405 ἐκληρονόμησεν
623 1313 695 1386 ἀντ’
725 1319 808 1404 ἐμοῦ
834 1314 896 1404 τὴν
917 1316 1082 1410 πατρῴαν
1108 1313 1157 1385 οό-

150 1430 229 1518 σίαν
256 1421 407 1510 ἅπασαν,
437 1423 514 1510 ἐμοί
538 1448 586 1509 τε,
621 1420 701 1512 ὅπερ
730 1428 833 1510 ἐφην,
866 1418 946 1491 οὐδὲ
980 1421 1048 1513 γρὺ
1076 1424 1155 1513 μετέ-

151 1535 258 1599 δωκεν
304 1525 424 1616 αὐτῆς·
467 1525 550 1597 ἀλλὰ
591 1529 647 1598 καὶ
687 1531 734 1620 τῷ
775 1525 910 1620 ἀδελφῷ
956 1525 1059 1622 τάμῷ
1099 1531 1158 1597 τάν

149 1635 313 1728 πατρῴων
345 1639 470 1704 ἔδωκεν
502 1633 615 1721 ὀλίγα,
647 1635 784 1704 πάντων
821 1631 926 1703 αὐτόν
959 1632 1158 1724 ἀφελόμενος

151 1745 220 1811 τῶν
247 1741 418 1834 μητρῴων.
709 1792 714 1801 .
1170 1760 1189 1802 ιι

112 1880 132 1933 C
238 1862 324 1934 Ὅσα
355 1865 416 1953 μέν
449 1856 512 1934 οὖν
545 1867 664 1954 ἐπραξε
700 1865 783 1953 πρός
813 1892 853 1953 με
884 1866 965 1954 πρὶν
1003 1862 1160 1954 ὀνόματος

153 1971 251 2061 (μὲν)
280 1975 488 2060 μεταδοῦναί
511 1998 568 2059 μοι
594 1973 656 2040 τοῦ
684 1971 904 2058 σεμνοτάτου,
937 1975 1026 2063 ἐργςο
1057 1971 1094 2040 δὲ
1120 1976 1161 2050 είς
1205 1987 1207 1991 ’

151 2079 354 2168 πικροτάτην
385 2079 442 2146 καλ
474 2077 706 2165 χαλεπωτάτην
742 2079 898 2164 ἐμβαλεῖν
931 2082 1107 2165 δουλείαν,
1136 2081 1164 2144 εί

152 2186 208 2253 καὶ
249 2182 293 2272 μὴ
330 2183 457 2270 πάντα,
493 2183 534 2251 κά
570 2192 707 2253 πλείστα
744 2185 830 2269 γοῦν
866 2179 956 2270 ὅμως
992 2180 1163 2272 ἠκούσατε.

152 2290 384 2375 πορευομένου
413 2289 450 2358 δὲ
477 2287 595 2359 λοιπὸν
623 2291 675 2358 ἐπὶ
693 2286 756 2377 τὴν
786 2290 909 2375 ἑστίαν,
938 2286 1118 2378 ἀγαπητῶς
1134 2311 1194 2357 τεν

153 2396 210 2462 καὶ
247 2395 342 2482 μόγις
378 2391 649 2482 ἀποσωζομένου,
682 2394 897 2484 συκοφάντης
928 2423 978 2476 τις
1015 2393 1165 2484 ἀνεφάνη

153 2501 229 2589 περὶ
256 2497 295 2569 τὸ
313 2506 469 2589 Σίρμιον,
498 2496 534 2581 ὃς
561 2515 631 2582 τοῖς
657 2504 726 2570 ἐκεῖ
750 2499 927 2591 πράγματα
953 2507 1103 2592 ἐρραψεν
1125 2497 1167 2582 άς

110 2621 134 2675 D
154 2605 299 2696 νεάτερα
318 2607 584 2693 διανοουμένοις·
604 2616 673 2676 ίστε
688 2608 864 2695 δήπουθεν
882 2604 966 2696 ἀκοῇ
983 2607 1046 2677 τὸν
1057 2607 1166 2698 Ἀφρι-

61 2782 64 2789 ,
155 2710 262 2782 κανδν
289 2713 345 2782 καὶ
372 2711 433 2781 τὸν
451 2720 623 2802 Μαρῖνον·
652 2710 894 2802 οόκουν,,ὑμο”ις
912 2711 994 2783 οὐδὲ
1021 2710 1040 2783 ὁ
1065 2715 1166 2802 Φῆλιξ

242 2958 253 3004 l
279 2945 339 3029 τὴνι
354 2951 458 3004 τούτου
481 2947 608 3020 γαμετὴν
633 2954 737 3005 delevit
755 2954 822 3007 Cob.
856 2953 861 3019 Ι
893 2944 959 3009 οὔδ’
980 2945 1018 3006 διν
1035 2954 1073 3020 V]
1098 2946 1166 3007 οάδέ

155 3013 192 3073 άν
261 3026 276 3074 3
306 3015 375 3072 ουδ’
401 3013 473 3088 ὄναρ
499 3018 543 3088 Ἦ,
574 3014 645 3073 οόδδ
672 3015 743 3085 όναρ
775 3021 779 3088 Ι
812 3014 940 3088 ἀδελφὸς
962 3019 1008 3090 H]
1041 3013 1168 3088 ἀδελφός

155 3079 264 3140 Βάτων
283 3087 364 3155 Goh]
382 3087 463 3140 θεῶν
550 3091 580 3138 12
599 3081 670 3142 οόδδ
690 3089 768 3149 Cob.]
787 3081 855 3142 οὔτε
937 3092 969 3141 17
988 3085 1043 3157 μὲν
1061 3088 1168 3145 αδδ.Η

156 3162 184 3207 et
202 3156 269 3208 Oob.
341 3160 373 3208 18
391 3149 529 3235 ἐμβαλεῖν
548 3157 653 3207 Rsk.H
673 3155 756 3238 Oob.]
775 3149 908 3224 ’ἐμβαλών
977 3161 1009 3209 19
1027 3149 1168 3223 η’κοόσατε

154 3223 222 3274 Rsk.
241 3230 270 3274 et
287 3219 372 3343 Cobg
390 3219 533 3276 ακοάτατε
602 3226 635 3274 20
653 3220 696 3290 δὲ]
717 3223 753 3288 δη
772 3225 800 3274 Η
867 3228 900 3275 22
919 3229 947 3275 et
964 3227 997 3275 23
1015 3217 1168 3290 πράγματα

156 3285 284 3356 ἐρραφεν
301 3319 335 3328 -·
373 3286 574 3357 ιανοουμένοις
587 3289 662 3356 001),
682 3289 799 3359 πρᾶγμα
819 3289 1000 3359 συνέρραψεν
1018 3326 1052 3335 -
1070 3292 1168 3345 διανο·

156 3356 290 3423 ουμένοις
307 3359 438 3411 Valesius
456 3359 491 3410 ad
510 3359 642 3409 Ammian.
673 3358 734 3410 Vol.
753 3361 782 3411 II
799 3377 825 3425 p.
847 3360 979 3421 114ssrf„
1000 3352 1169 3440 πράγμασιν

79 3499 82 3505 Ι
157 3422 289 3555 Ξρρλαιέεη
300 3418 560 3545 -ῒδιανοοόμενος
584 3427 654 3478 Vet
672 3443 690 3478 v
775 3429 808 3477 24
834 3419 942 3479 οὔκουν
960 3423 1005 3494 Η]
1030 3423 1164 3489 ουκοῦνί

183 3509 229 3557 ιη
307 3510 363 3557 pe.
