2446 3870
141 148 201 212 186
439 148 584 201 ιυτιιαι
602 148 852 200 ιωΡΕιιΑυοιαε

137 275 200 364 τὴν
236 273 350 363 ἀφανῆ
387 278 746 365 πολυπραγμονοῦντες
782 275 899 362 φύσιν·
937 281 984 343 ἔτι
1017 275 1055 343 δέ
1086 273 1152 365 πρὸ

138 381 278 468 τούτων,
306 391 340 451 εί
364 401 418 449 σοι
445 388 561 468 φίλον,
589 383 664 470 περὶ
691 385 759 448 τῶν
786 377 1020 470 ὑπερκοσμίων
1049 381 1153 450 δυνά-

101 500 229 577 Ομεων
257 484 437 557 αὐτοῦκαὶ
465 489 640 576 ἐνεργειῶν
667 487 723 555 καὶ
743 490 778 556 ἐκ
805 493 938 575 μυρίων
955 484 993 554 τὸ
1021 489 1154 575 πλῆθος
1191 571 1195 577 .

139 592 236 680 ὀλίγα
268 595 399 663 θέασαι.
444 593 557 683 κράτη
591 591 633 680 δὴ
661 596 729 661 τῶν
762 592 941 681 δυνάμεων
973 595 1063 661 ἐστιν
1091 590 1152 661 αὐ-

110 704 215 799 qvos),
248 696 294 770 δι’
325 691 363 787 ἧς
391 696 474 786 ὅλην
502 695 546 768 δι’
577 695 656 785 ὅλης
683 697 745 786 τὴν
772 697 897 788 γοεράν
924 695 1060 785 οὐσίαν,
1093 726 1180 779 ταςι

71 803 322 903 ηρὶάκρότητας
354 802 458 892 αὐτῆς
490 810 537 886 είς
568 807 606 872 ἓν
637 806 693 875 καὶ
724 802 826 874 ταύτὸ
864 803 1037 891 συνάγων,
1071 802 1152 874 άπο-

4 920 33 997 ,6
112 905 114 911 ’
140 919 256 1000 φαίνει
292 917 381 1000 μίαν.
432 909 533 1006 όσπερ
570 907 634 999 γάρ
671 912 747 1001 περὶ
783 909 843 979 τὸν
879 910 1047 998 αίσθητόν
1083 913 1152 979 ἐστι

140 1018 268 1107 κόσμον
300 1021 449 1109 ἐναργῶς
480 1020 699 1104 κατανοῆσαι,
732 1014 839 1105 πυρός
865 1019 921 1085 καὶ
954 1021 1014 1104 γῆς
1042 1022 1152 1103 είλημ-

139 1127 243 1212 μένον
271 1121 352 1214 άέρα
379 1124 435 1192 καί
463 1120 556 1212 ὕδωρ
585 1126 622 1190 ἐν
649 1123 753 1212 μέσῳ,
785 1125 854 1191 τῶν
887 1121 1001 1211 άκρων
1033 1122 1153 1191 σύνδε-

141 1250 241 1319 σμον,
273 1233 373 1298 τοῦτο
407 1226 470 1297 οὐκ
502 1226 545 1296 άν
571 1255 620 1310 τις
653 1228 787 1309 εἰκότως
814 1230 867 1297 ἐπὶ
898 1232 957 1316 τῆς
987 1226 1052 1317 πρὸ
1085 1230 1154 1296 των
1169 1259 1194 1298 10

97 1345 121 1400 D
141 1336 304 1423 σωμάτων
323 1340 430 1415 αἰτίας
443 1337 701 1422 κεχαρισμένης,
728 1330 749 1421 ἣ
768 1337 827 1421 τῆς
845 1337 1004 1420 γενέσεως
1031 1340 1154 1422 ἔχουσα

69 1427 74 1502 ί
140 1439 202 1528 τὴν
234 1437 341 1529 άρχὴν
373 1437 435 1509 οὐκ
464 1446 533 1508 ἐστι
560 1442 702 1526 γένεσις,
735 1437 822 1508 οὕτω
855 1440 1069 1528 διατετάχθαι
1097 1467 1154 1508 νο-

70 1547 72 1555 ’
141 1552 277 1634 μίσειεν,
306 1542 390 1615 ὥστε
417 1547 472 1614 καὶ
491 1548 528 1614 ἐν
556 1548 695 1626 ἐκείνοις
721 1543 780 1626 τάς
797 1543 901 1636 άκρας
919 1552 1027 1627 αίτίας
1053 1535 1154 1634 κεχω-

141 1654 299 1741 ρισμένας
325 1652 432 1740 πάντη
461 1655 530 1722 των
557 1653 720 1741 σωμάτων
738 1647 805 1720 ὑπό
832 1679 936 1721 τινων
962 1652 1155 1740 μεσοτήτων

141 1764 189 1839 είς
224 1755 325 1828 ταύτὸ
362 1757 452 1849 παρά
488 1761 550 1828 τοῦ
586 1759 748 1846 βασιλέως
775 1754 890 1827 Ἡλίου
907 1770 908 1773 ’
924 1760 1155 1846 συναγομένας
1170 1787 1195 1828 15

141 1867 305 1934 ένοῦσθαι
331 1867 406 1954 περὶ
433 1863 546 1936 αὐτόν.
592 1864 763 1953 συντρέχει
791 1862 827 1931 δέ
854 1861 945 1955 αὐτῷ
973 1860 1068 1952 καὶὴ
1092 1866 1155 1932 τοῦ

141 1969 226 2053 Διὸς
255 1971 474 2062 δημιουργικὴ
495 1971 646 2059 δύναμις,
676 1967 753 2059 (δι’)
781 1966 824 2056 ἣν
843 1976 971 2059 ἔφαμεν
989 1971 1045 2038 καί
1072 1969 1155 2060 πρό-

142 2104 239 2167 τερον
268 2082 434 2169 ίὸρῦσθαί
457 2106 491 2147 τε
524 2075 638 2158 αάτοῖς
670 2078 708 2144 ἐν
735 2075 861 2166 Κάπρῳ
894 2077 950 2144 καὶ
982 2073 1155 2145 άποὸεδεῑ-

90 2194 228 2270 144χθαι
254 2188 352 2272 κοινῇ
384 2182 425 2252 τά
455 2186 585 2271 τεμένη·
622 2183 678 2252 καὶ
714 2178 774 2250 τὸν
804 2178 948 2251 Ἀπόλλω
986 2180 1023 2249 δέ
1052 2179 1156 2250 αὐτὸν

142 2289 397 2378 ἐμαρτυρόμεθα
423 2293 492 2357 τῶν
518 2289 644 2376 λόγων,
677 2284 718 2356 ὃν
746 2286 834 2369 είκὸς
867 2287 1041 2376 δήπουθεν
1068 2283 1153 2377 ὑπὲρ
1168 2319 1194 2357 20

142 2397 200 2480 τῆς
237 2395 358 2462 ἑαυτοῦ
396 2394 531 2481 φύσεως
567 2391 705 2481 άμεινον
742 2395 879 2462 είὸέναι·
922 2393 1057 2462 σάυεστι
1090 2390 1156 2482 γάρ

142 2500 198 2567 καὶ
227 2491 325 2580 οὗτος
353 2495 453 2591 Ἡλίῳ
487 2502 543 2568 καὶ
575 2502 787 2569 ἐπικοινωνεῖ
816 2501 872 2569 καὶ
899 2497 962 2587 τὴν
989 2496 1157 2586 ἁπλότητα

142 2608 211 2673 τάν
237 2605 389 2692 υοήσεων
420 2606 476 2674 καὶ
508 2604 544 2676 τὸ
573 2606 718 2694 μόνιμον
749 2609 808 2692 τῆς
836 2603 953 2686 οὐσίας
984 2606 1040 2674 καὶ
1072 2604 1157 2674 κατὰ

142 2707 246 2778 ταύτά
279 2707 320 2780 όν
356 2715 414 2800 τῆς
450 2714 627 2803 ἐνεργείας.
678 2709 760 2780 άλλὰ
796 2712 852 2778 καὶ
884 2710 946 2798 τὴν
978 2711 1156 2780 Διονύσου

142 2814 300 2907 μεριστὴν
329 2823 551 2908 δημιουργίαν
583 2815 749 2906 οάὸαμοῦ”
769 2823 922 2903 φαίνεται
955 2823 1104 2906 χωρίζων
1137 2813 1196 2885 ὁετ

210 3038 409 3109 4θέασαιΗ]
428 3036 506 3094 θεάσ
551 3044 556 3099 Ι
590 3033 795 3108 δὴΜοΕΕίλ]
815 3033 848 3090 δὲ
876 3038 879 3103 Ι
912 3033 989 3092 ἐστιν
1008 3028 1100 3091 αὐτοῦ
1118 3039 1155 3104 V]

145 3101 234 3160 αὐτοῦ
254 3101 314 3162 ἐστι
383 3105 506 3177 6αάτῆς
536 3101 672 3175 αότὴνν
735 3109 757 3157 λ
780 3103 846 3170 περὶ
864 3101 914 3160 τὸν
933 3104 1005 3159 αίσθ
1027 3099 1077 3159 τόν
1096 3099 1157 3158 ἐστι

142 3173 180 3242 V]
203 3168 262 3228 ἐστι
280 3176 345 3244 περὶ
364 3169 416 3229 τόν
433 3170 579 3241 αἰσθητὸν
646 3180 663 3228 8
683 3168 856 3240 εἰλημμένον
875 3125 1025 3241 νΜοΕΙῆ
1047 3170 1159 3241 είλημέ·

142 3259 195 3294 νον
264 3247 294 3294 11
315 3241 411 3304 αίτίας
429 3243 463 3312 V]
482 3237 600 3308 οὕσίαςΙ
624 3234 733 3310 Men]
752 3234 770 3328 ἢ
792 3240 796 3302 Ι
820 3242 958 3320 γενέσεως
974 3241 1037 3309 Mb]
1057 3235 1158 3324 γεννη-

143 3325 213 3370 oscae
283 3316 314 3365 15
333 3304 420 3366 ταάτὸ
439 3311 476 3376 Η]
495 3307 588 3364 ταῦτα
675 3314 706 3364 17
725 3310 755 3362 δι
786 3304 824 3376 ἣν
841 3309 878 3376 Η]
897 3328 934 3375 ην
1021 3312 1053 3388 Ῑβ
1079 3306 1158 3376 ίδρυ-

143 3379 216 3430 σθαι
234 3381 259 3431 V
345 3384 377 3433 19
399 3370 515 3431 άκόλλω
533 3377 607 3442 libri]
627 3370 787 3432 Ἀπόλλωνα
874 3382 907 3429 20
929 3376 986 3429 τῶν
1009 3381 1101 3443 λογων
1119 3380 1143 3429 V

143 3443 191 3526 τῷἱ
202 3439 275 3529 λόγῳ
343 3451 376 3498 22
396 3444 445 3497 καί
463 3437 547 3508 οὗτος
565 3437 638 3514 ἡλίω
656 3445 693 3513 V]
713 3439 785 3517 ἡλίῳ
804 3441 854 3497 καί
873 3433 959 3504 οὗτος
986 3448 990 3510 Ι
1024 3442 1148 3512 καλιὴν

141 3513 193 3564 δια
211 3533 264 3580 την
282 3517 318 3564 Η.
348 3514 383 3567 cf.
403 3513 485 3565 1490
