2446 3870
493 143 629 194 οιιιιιο
648 144 680 194 v.
1030 141 1093 207 209

78 274 148 338 τῶν
183 272 328 339 πολιτῶν
348 263 442 336 ὀὐδὲ
474 263 521 349 είς
554 268 654 338 λάθοι
686 263 729 336 άν
761 265 867 356 αὐτὴν
898 268 1040 358 χρηστός
1070 267 1091 359 ἢ

80 379 211 463 φαυλος
243 373 299 443 ῶν.
344 374 557 462 κατωρθῶθη
590 377 703 462 μέντοι
730 376 787 442 καὶ
815 369 833 442 δ
861 375 1004 462 πόλεμος
1032 373 1093 445 αὐ-

77 487 153 551 τίκα
177 478 349 569 Ῥωμαίοις
365 478 458 569 ’πρὸς
485 486 755 570 Καρχηδονίους,
783 477 866 549 ῶστε
893 479 954 549 τὸν
981 488 1094 571 τρίτον

78 584 163 677 ὑπὲρ
192 590 261 655 τῶν
287 590 404 675 τειχῶν
428 582 530 673 αὐτῆς
556 587 662 673 μόνον
680 586 900 675 Καρχηδόνος
925 588 1093 672 γενέσθαι.

49 691 119 761 ετδι
146 692 208 781 μὲν
236 685 300 761 οὖν
327 695 384 780 της
412 695 570 780 ἱστορίας,
597 697 630 761 εί
646 699 705 760 καί
728 713 816 761 τισιν
835 689 986 762 άπίθανα
1005 694 1093 774 δόξει

78 800 134 867 καί
149 799 328 892 φιλοσόφω
346 798 543 925 προσήκειν
547 795 648 867 οὐδὲν
668 795 748 867 οὐδὲ
761 799 924 891 θεολόγῳ,
942 801 1091 886 λεγέσθω
1110 815 1133 869 Β

77 903 121 993 μὴ
155 921 265 993 μειον,
297 908 395 993 κοινῇ
427 900 543 992 μδν“
525 902 591 973 υπὸ
624 910 787 973 πλείστων
824 906 1093 1008 ἱστοριογράφων

77 1007 353 1134 ἀναγραφόμενα,
382 1010 549 1098 σωζόμενα
577 1009 615 1078 δὲ
637 1011 694 1085 καὶ
712 1012 766 1079 ἐπὶ
793 1000 925 1099 χαλκῶν
952 1011 1093 1080 εἰκόνων

77 1119 116 1184 ἐν
147 1120 188 1206 τῇ
220 1123 378 1205 κρατίστῃ
409 1117 466 1184 καὶ
497 1124 655 1203 θεοφιλεῖ
679 1111 794 1205 Ρωμη.
840 1123 948 1186 καίτοι
979 1144 1019 1204 με
1051 1114 1093 1186 οὐ

37 1247 64 1285 ιο
78 1224 220 1309 λέληθεν
253 1220 304 1291 ὅτι
337 1222 506 1310 φήσουσιν
533 1220 619 1291 αὐτά
649 1249 737 1304 τινες
768 1225 837 1291 τῶν
871 1229 947 1292 λίαν
975 1227 1093 1310 σοφῶν

77 1325 208 1408 ὕθλους
235 1327 321 1397 εἶναι
355 1334 506 1419 γρᾳδίων
533 1326 597 1396 οὐκ
625 1325 793 1410 άνεκτοάς.
836 1330 908 1416 ἐμοὶ
936 1328 973 1398 δὲ
1001 1334 1096 1398 δοκεῖ

77 1448 152 1514 ταῖς
177 1435 293 1503 πόλεσι
320 1434 489 1513 πιστεύειν
516 1437 644 1522 μάλλον
661 1432 702 1502 τά
729 1438 867 1503 τοιαῦτα
895 1431 915 1522 ἢ
943 1438 1092 1505 τουτοισὶ

78 1553 149 1618 τοῖς
176 1555 331 1628 κομψοῖς,
366 1532 414 1608 ῶν
441 1538 478 1608 τὸ
507 1540 674 1630 ψυχάριον
702 1540 804 1629 δριμὺ
830 1543 907 1629 μέν,
934 1537 1027 1628 ὑγιὲς
1055 1543 1092 1609 δὲ

78 1641 160 1712 οὐδὲ
187 1649 224 1714 ἓν
251 1647 372 1733 βλέπει.

35 1756 66 1813 15¹
155 1747 249 1840 ’Ῥιιδρ
278 1752 315 1820 δὲ
342 1743 391 1820 ῶν
418 1757 524 1820 εἰπεῖν
543 1753 669 1838 ἐπῆλθέ
693 1778 750 1839 μοι
776 1749 855 1841 παρ’
886 1748 990 1821 αὐτὸν
1018 1750 1126 1842 άρτιῡ

77 1848 138 1924 τὸν
174 1861 232 1944 της
267 1854 433 1943 ἁγιστείας
469 1856 603 1945 καιρόν,
646 1854 758 1925 άκοάω
796 1856 857 1943 μὲν
894 1864 996 1943 ἔγωγε
1036 1861 1091 1926 καὶ

77 1969 266 2056 Πορφυρίφ
294 1961 370 2032 τινδι
396 1967 691 2051 πεφιλοσοφὴσθαι
718 1965 794 2052 περὶ
813 1959 935 2049 αὐτῶν,
965 1960 1006 2031 οὐ
1025 1962 1092 2051 μὴν

78 2065 160 2136 οίδά
182 2096 231 2156 γε,
259 2067 301 2139 οὐ
328 2067 393 2159 γάρ
420 2072 588 2157 ἐνέτυχον,
615 2074 646 2138 εί
671 2070 728 2137 καὶ
752 2071 1001 2155 συνενεχθῆναί
1024 2094 1091 2138 που

79 2181 226 2262 συμβαίη
254 2178 301 2268 τῶ
329 2176 427 2268 λόγῳ.
471 2173 533 2244 τὸν
557 2175 687 2244 Γάλλον
715 2173 753 2243 δὲ
780 2172 845 2259 ἐγῶ
872 2176 1008 2243 τουτονὶ
1036 2178 1091 2243 καὶ

35 2303 64 2344 ιο
77 2277 139 2348 τὸν
162 2278 274 2349 ’Ἁττιν
306 2278 407 2363 αὐτὸς
440 2290 577 2350 οἴκοθεν
609 2283 730 2349 ἐπινοῶ
767 2283 828 2348 τοῦ
860 2287 1003 2369 γονίμου
1035 2283 1092 2351 καί

78 2389 323 2476 δημιουργικοῦ
350 2391 414 2456 νοῦ
440 2386 502 2475 τὴν
521 2385 597 2477 άχρι
615 2390 674 2476 τῆς
696 2387 834 2475 ἐσχάτης
852 2384 934 2474 ὕλης
961 2385 1091 2457 ἅπαντα

78 2497 254 2577 γεννῶσαν
282 2489 404 2562 οὐσίαν
431 2491 528 2579 εἶναι,
556 2493 701 2581 ἔχουσάν
718 2520 753 2562 τε
772 2497 809 2562 ἐν
837 2496 937 2582 ἑαυτῇ
965 2494 1091 2575 πάντας

77 2597 158 2679 τοὺς
184 2599 308 2685 λόγους
338 2601 394 2668 καὶ
423 2598 480 2680 τὰς
512 2605 619 2681 αίτίας
650 2602 719 2668 τῶν
746 2599 876 2669 ἐνάλων
903 2603 1016 2669 είδῶυ·
1049 2597 1125 2669 οόΙ)

78 2701 143 2795 γάρ
172 2703 214 2792 δη
242 2706 378 2774 πάντων
405 2708 443 2775 ἐν
461 2708 543 2774 πάσι
569 2703 610 2773 τά
634 2712 717 2793 είδη,
746 2702 826 2774 οὐδὲ
854 2708 890 2774 ἐν
916 2721 986 2787 τοῖς
1004 2704 1090 2776 άυω-

35 2810 163 2879 εττάτω
197 2813 254 2880 καί
286 2812 431 2901 πρῶτοις
463 2800 583 2892 αίτίοις
613 2810 655 2880 τά
685 2815 754 2881 τῶν
782 2812 929 2899 ἐσχάτων
956 2815 1012 2880 καὶ
1039 2840 1089 2880 τε-

75 2919 253 3004 λευταίων,
286 2915 363 3005 μεθ’
393 2915 414 2986 ά
442 2915 545 2986 οὐδέν
577 2921 668 2986 ἐστιν
695 2913 716 3006 ἢ
743 2916 781 2987 τδ
813 2921 872 3005 της
905 2917 1089 3005 στερήσεως

76 3019 183 3111 ὄνομα
215 3022 296 3111 μετά
332 3021 484 3114 ἀμυδράς
519 3027 675 3105 ἐπινοίας.
731 3021 843 3093 οὐσῶν
876 3021 917 3111 δὴ
955 3026 1090 3092 πολλῶν

75 3126 203 3221 ου’σιῶν
238 3131 294 3198 καὶ
329 3133 463 3200 πολλῶν
497 3129 587 3200 πάνυ
624 3132 840 3219 δημιουργῶν
875 3131 936 3197 τοί
972 3135 1088 3216 τρίτου

160 3374 177 3422 5
203 3384 280 3423 τισιν
301 3363 439 3422 άπίθανα
460 3372 539 3435 Rsk„
569 3385 645 3423 τισιν
668 3362 702 3420 οά
720 3360 836 3420 πιθανά
858 3369 931 3432 Pet„
960 3383 1017 3419 τισι
1040 3386 1090 3420 πι-

76 3433 160 3490 θανά
178 3457 195 3490 v
265 3441 295 3489 11
315 3437 442 3519 γρᾳδίων
460 3440 562 3504 scripsi
579 3454 627 3518 pro
646 3435 784 3520 γραιδίων
872 3439 902 3488 18
926 3430 960 3489 οό
978 3433 1033 3504 γάρ
1051 3437 1088 3506 Η]

78 3498 149 3559 τόδὲ
167 3524 196 3570 v,
216 3500 339 3559 οὐδὲ
306 3523 360 3572 γαρ
378 3506 446 3558 Rsk.
515 3509 550 3557 24
567 3499 637 3557 οὐδὲ
656 3505 693 3570 Η]
711 3499 779 3557 ουτε

76 3608 228 3650 1u11a11.u=1
756 3593 829 3657 Ἰἴδε
