2408 3856
113 117 133 180 8
413 118 556 170 IULIANI
578 117 858 172 IMPERATORIS

114 248 184 313 σῶυ
211 247 280 312 ἐστι
307 272 368 332 μεν
394 245 523 313 τούτων
550 237 709 334 υεύτερα,
737 238 870 371 λαμπρά
897 242 935 311 δδ
963 240 1004 311 ού
1031 257 1166 331 μεῖον
1175 301 1179 307 .

115 353 259 437 ἐκείνων.
305 341 425 437 ἔτυχον
452 349 577 438 μὲν
540 377 604 439 γαρ
633 349 732 438 άμφω
760 352 818 438 τής
846 346 948 439 άρχής
976 345 1021 417 δι’
1051 346 1128 438 άρε-
1168 371 1183 434 2·

113 454 175 544 τήν
203 454 283 537 άξίω
312 458 475 546 κριθέντε,
504 457 671 583 γενομένω
700 454 738 524 δέ
756 456 809 523 ἐπὶ
828 458 896 523 τῶν
923 454 1128 582 πραγμάτων
1167 442 1183 532 δ

115 559 202 630 οὕτω
230 562 314 650 πρός
330 589 365 629 τε
383 559 547 649 ἀλλήλους
575 559 654 630 εύνο
658 565 736 642 ι’κως
764 566 863 647 ἔσχον
881 562 936 628 καὶ
963 558 1061 691 πρὸςτ
1065 559 1128 629 τὸν
1165 533 1183 636 I

114 667 298 755 μεταδόντα
325 670 383 753 τής
410 673 579 754 βασιλείας
606 664 760 754 εὐσεβῶς,
789 662 871 734 ωσθ’
903 662 920 734 ὁ
949 665 1009 753 μὲν
1038 661 1175 753 ωμο-ε,Γ

113 774 204 859 λόγει
235 771 341 860 μηδὲν
372 772 495 842 τούτου
526 772 656 841 πύποτε
688 780 837 862 κρεῖττον
869 773 1169 860 βεβουλεῦσθαι,
1161 828 1183 865 3

73 877 220 951 Βπολλδι
247 880 302 947 καὶ
321 875 404 947 άλλα
433 878 577 969 σωτήρια
600 892 670 959 τοῖς
696 893 823 958 κοινοῖς
832 876 1004 1006 Ἃέξευρύν,
1033 882 1069 945 οί
1091 878 1170 946 δὲ

113 982 175 1070 τήν
202 981 271 1072 μετ’
303 977 455 1072 άλλήλων
481 991 664 1053 κοινωνίαν
682 979 847 1072 μάλλον’“
827 1011 847 1070 η
866 982 928 1071 τήν
951 1009 1018 1050 των
1037 979 1129 1051 ὅλων
1167 985 1183 1087 3²3

114 1087 230 1178 άρχήυ,
258 1084 349 1180 εἰπερ
378 1085 505 1159 οἷόντε
523 1082 576 1176 ήν,
605 1088 730 1180 ἑκάστῳ
758 1090 1018 1180 περιγενομένην
1046 1085 1128 1175 ήγά-

113 1222 196 1264 πων.
251 1193 338 1264 ούτω
372 1195 409 1263 δὲ
442 1200 644 1283 διακείμενοι
680 1193 738 1275 τάς
769 1193 879 1282 ψυχάς
914 1197 981 1262 τῶν
1018 1199 1129 1284 ἔργων
1143 1205 1183 1276 ιο]

114 1306 224 1389 ἔδρων
250 1299 291 1369 τά
323 1300 494 1386 κάλλιστα,
528 1300 701 1390 σεβόμενοι
733 1299 794 1388 μέν
826 1298 905 1387 μετά
932 1297 994 1387 τήν
1022 1307 1128 1387 κρείτ·
1180 1288 1183 1299 ἴ

113 1433 195 1474 τονα
224 1405 328 1493 φύσιν
355 1404 415 1474 τὸν
441 1404 504 1494 τήν
532 1404 637 1496 άρχήν
665 1403 779 1486 αύτοίς
806 1406 1029 1496 παρασχόντα,
1057 1421 1129 1487 τοῖς
1178 1424 1181 1428 ‘

113 1507 273 1598 ὑπηκόοις
301 1510 339 1580 δὲ
367 1507 468 1591 ὁσίως
499 1514 555 1580 καὶ
584 1512 833 1602 ’φιλανθρώπως
864 1511 1043 1602 χρώμενοι,
1072 1513 1129 1579 καὶ

78 1616 192 1698 Οτοὺς
219 1617 411 1706 βαρβάρους
439 1614 501 1686 ούκ
528 1617 725 1697 ἐλαύνοντες
756 1617 861 1705 μόνον
888 1616 989 1685 πάλαι
1016 1643 1128 1685 κατοι-

112 1726 257 1804 κούντας
284 1724 339 1791 καλ
367 1724 572 1810 νεμομένους
598 1723 750 1814 καθάπερ
777 1722 839 1812 τήν
866 1729 994 1791 οἰκείαν
1022 1719 1174 1804 άδεῶςιτ

112 1827 152 1895 τά
179 1825 331 1919 ήμέτερα,
360 1828 507 1919 φρούρια
536 1827 573 1896 δὲ
601 1831 845 1917 ἐπιτειχίζοντες
865 1828 979 1909 αὐτοῖς
1005 1827 1128 1897 τοσαύ-

112 1960 174 2022 τηυ
201 1933 284 2023 πρὸς
311 1931 434 2014 αύτούς
462 1934 600 2024 είρήνην
627 1949 697 2015 τοῖς
724 1931 885 2023 ὑπηκόοις
910 1935 1128 2021 κατέστησαν,
1167 1940 1169 1943 ’

113 2037 197 2129 ὅσην
225 2038 307 2110 ούδέ
339 2039 501 2122 εύξασδαι
528 2040 602 2110 τότε
630 2040 750 2132 ῥᾴδιον
779 2040 894 2110 ἐδόκει.
940 2036 1011 2108 ἀλλ’
1042 2035 1128 2130 ὑπὲρ

113 2146 173 2234 μὲν
204 2147 335 2216 τούτων
368 2144 430 2215 ούκ
462 2145 557 2227 άξιου
585 2148 621 2214 ἐν
653 2148 808 2238 παρέργῳ
841 2147 957 2232 λέγειν.
1003 2149 1062 2232 τής
1091 2145 1128 2213 δὲ

114 2247 272 2337 ὁμονοίας
300 2248 413 2318 αύτιόν
439 2254 498 2338 τής
515 2249 599 2340 πρὸς
626 2248 789 2340 ἀλλήλους
815 2250 856 2319 τδι
883 2253 1039 2338 μέγιστον
1069 2257 1127 2338 σηέ
1141 2279 1170 2319 ιο

114 2371 209 2445 μεῖον
227 2365 427 2446 παραλιπεῖν
455 2353 610 2444 οίδαμῶς
633 2355 786 2445 εύλογον,
814 2358 870 2425 καὶ
890 2354 997 2437 άλλως
1024 2377 1127 2444 προσ-

76 2465 195 2549 Βήκου
227 2464 272 2553 τῷ
304 2461 402 2552 λόγῳ.
453 2467 636 2531 κοινωνίαν
667 2462 735 2553 γάρΙ
757 2462 820 2551 τήν
852 2468 1031 2551 καλλίστην
1058 2477 1129 2542 τοῖς

55 2606 61 2615 ·
114 2563 228 2636 αύτῶν
255 2568 371 2634 παισὶν
404 2568 639 2655 ἐπινοήσαντες
670 2571 739 2637 τύν
767 2573 837 2638 σάν
868 2570 1021 2658 πατέρων
1048 2565 1128 2648 τούς
1181 2560 1183 2563 ’

113 2673 241 2761 γάμους
269 2670 429 2762 ήρμοσαν.
465 2673 625 2765 προσήκει
644 2674 681 2743 δὲ
709 2672 875 2762 οἶμαικαὶ
894 2674 969 2763 περὶ
996 2672 1128 2747 τούτων
1180 2680 1182 2683 ’

112 2781 149 2847 ἐν
167 2786 286 2869 βραχεῖ
312 2784 470 2866 διελθεῖν,
499 2778 588 2860 ὅπως
606 2778 649 2867 μή
669 2783 727 2868 τής
755 2778 857 2870 άρχής
876 2782 986 2868 φανής
1009 2779 1127 2866 μόνον,
1141 2804 1165 2847 ει

112 2883 194 2954 άλλδι
222 2887 278 2953 καὶ
305 2887 363 2972 τής
381 2883 498 2976 άρετής
524 2887 739 2976 κληρονόμος.
775 2883 837 2974 τήν
865 2885 926 2972 μὲν
945 2876 1008 2953 ούν
1031 2891 1127 2971 βασι·
1171 2969 1172 2972 ,

111 2998 205 3060 λείαν
233 2988 322 3072 ὅπως
354 2990 434 3078 μετά
461 2991 522 3080 τήν
553 2995 615 3060 τού
647 2990 771 3082 πατρὸς
803 2993 938 3078 κατέσχε
969 2989 1128 3078 τελευτήν
1181 3012 1183 3015 ’

112 3095 218 3167 αύτού
249 3125 284 3167 τε
318 3099 448 3166 ἐκείνου
480 3102 520 3186 τή
552 3104 659 3187 κρίσει
695 3099 750 3166 καὶ
786 3101 854 3166 τῶν
892 3098 1128 3188 στρατοπέδων

179 3235 195 3280 2
213 3223 354 3315 o'zqffi3s]'
338 3228 455 3315 αρετῆς,
459 3235 484 3284 V
548 3230 591 3283 6
581 3225 686 3284 τούτου
704 3227 818 3283 πύποτε
837 3231 871 3298 V]
889 3224 1005 3282 πύποτε
1023 3223 1128 3310 ταύτην
1180 3294 1182 3302 3

112 3302 127 3348 9
142 3303 170 3349 et
184 3301 215 3377 10
233 3290 399 3366 ηγιίπων]
383 3317 420 3352 αν
438 3291 601 3380 ήγάπαυλ
636 3302 668 3351 16
686 3305 712 3350 et
719 3302 757 3379 317
775 3293 877 3358 αὐτοῖς
895 3291 1038 3378 τοσαύτην
1049 3291 1128 3383 ,πρὸς

112 3356 222 3424 αύτούς
239 3364 317 3432 Rsk]
342 3372 404 3429 τοῖς
421 3360 507 3448 πρὸς
511 3360 619 3426 αύτούς
637 3361 810 3447 τοσαύτην
848 3370 880 3418 22
899 3359 954 3432 τήν
970 3363 1128 3446 καλλίστην

112 3431 179 3514 VM]
198 3433 353 3496 καλλίστην
422 3437 455 3486 23
473 3425 569 3489 αὑτῶν
588 3433 708 3500 Schaef]
732 3424 827 3487 αὐτῶν
896 3436 929 3486 25
948 3433 1044 3502 φανῇς
1063 3439 1128 3500 post

111 3493 216 3566 άρετής
234 3507 341 3568 ponunt
357 3501 408 3551 Mv
