<?xml version="1.0" encoding="UTF-8"?>
<!DOCTYPE html PUBLIC "-//W3C//DTD XHTML 1.0 Transitional//EN"
    "http://www.w3.org/TR/xhtml1/DTD/xhtml1-transitional.dtd">
<html xmlns="http://www.w3.org/1999/xhtml" xml:lang="en" lang="en">
 <head>
  <title>
</title>
<meta http-equiv="Content-Type" content="text/html;charset=utf-8" />
  <meta name='ocr-system' content='tesseract 3.04.00' />
  <meta name='ocr-capabilities' content='ocr_page ocr_carea ocr_par ocr_line ocrx_word'/>
</head>
<body>
  <div class='ocr_page' id='page_1' title='image "./iulianiimperato01juligoog_0263.png"; bbox 0 0 2446 3870; ppageno 0'>
   <div class='ocr_carea' id='block_1_1' title="bbox 157 168 872 236">
    <p class='ocr_par' dir='ltr' id='par_1_1' title="bbox 157 168 872 236">
     <span class='ocr_line' id='line_1_1' title="bbox 157 168 872 236; baseline 0.003 -16"><span class='ocrx_word' id='word_1_1' title='bbox 157 171 221 236; x_wconf 78' lang='lat'><strong><em>250</em></strong></span> <span class='ocrx_word' id='word_1_2' title='bbox 457 170 601 223; x_wconf 82' lang='lat' dir='ltr'>IULIANI</span> <span class='ocrx_word' id='word_1_3' title='bbox 623 168 872 223; x_wconf 84' lang='lat' dir='ltr'><strong>IMPERATORIS</strong></span> 
     </span>
    </p>
   </div>
   <div class='ocr_carea' id='block_1_2' title="bbox 88 293 1214 3046">
    <p class='ocr_par' dir='ltr' id='par_1_2' title="bbox 88 293 1208 2089">
     <span class='ocr_line' id='line_1_2' title="bbox 157 293 1170 388; baseline -0.001 -20"><span class='ocrx_word' id='word_1_4' title='bbox 157 327 243 388; x_wconf 91' lang='grc' dir='ltr'><strong><em>γων,</em></strong></span> <span class='ocrx_word' id='word_1_5' title='bbox 277 293 328 380; x_wconf 90' lang='grc' dir='ltr'><strong><em>οἷς</em></strong></span> <span class='ocrx_word' id='word_1_6' title='bbox 359 297 467 367; x_wconf 88' lang='grc' dir='ltr'><strong><em>πάντα</em></strong></span> <span class='ocrx_word' id='word_1_7' title='bbox 500 300 628 367; x_wconf 82' lang='grc' dir='ltr'><strong><em>ἐσθίειν</em></strong></span> <span class='ocrx_word' id='word_1_8' title='bbox 660 298 763 386; x_wconf 87' lang='grc' dir='ltr'><strong><em>νόμος</em></strong></span> <span class='ocrx_word' id='word_1_9' title='bbox 795 293 840 379; x_wconf 75' lang='grc' dir='ltr'><strong><em>ὥς</em></strong></span> <span class='ocrx_word' id='word_1_10' title='bbox 877 298 1003 385; x_wconf 82' lang='grc' dir='ltr'><strong><em>λάχανα</em></strong></span> <span class='ocrx_word' id='word_1_11' title='bbox 1037 297 1170 387; x_wconf 87' lang='grc' dir='ltr'><strong><em>χόρτου·</em></strong></span> 
     </span>
     <span class='ocr_line' id='line_1_3' title="bbox 157 401 1172 495; baseline -0.002 -21"><span class='ocrx_word' id='word_1_12' title='bbox 157 411 329 495; x_wconf 78' lang='grc' dir='ltr'><strong><em>γνωρίζεις</em></strong></span> <span class='ocrx_word' id='word_1_13' title='bbox 361 401 453 493; x_wconf 80' lang='grc' dir='ltr'><strong><em>οἶμαι</em></strong></span> <span class='ocrx_word' id='word_1_14' title='bbox 480 407 549 472; x_wconf 76' lang='grc' dir='ltr'><strong><em>τῶν</em></strong></span> <span class='ocrx_word' id='word_1_15' title='bbox 577 410 766 473; x_wconf 76' lang='grc' dir='ltr'><strong><em>Γαλιλαίων</em></strong></span> <span class='ocrx_word' id='word_1_16' title='bbox 797 403 837 473; x_wconf 85' lang='grc' dir='ltr'><strong><em>τῦ</em></strong></span> <span class='ocrx_word' id='word_1_17' title='bbox 865 403 1004 493; x_wconf 81' lang='grc' dir='ltr'><strong><em>ῥήματα.</em></strong></span> <span class='ocrx_word' id='word_1_18' title='bbox 1051 407 1172 494; x_wconf 78' lang='grc' dir='ltr'><strong><em>μικροῦ</em></strong></span> 
     </span>
     <span class='ocr_line' id='line_1_4' title="bbox 158 507 1172 633; baseline -0.001 -52"><span class='ocrx_word' id='word_1_19' title='bbox 158 539 198 600; x_wconf 87' lang='grc' dir='ltr'><strong><em>με</em></strong></span> <span class='ocrx_word' id='word_1_20' title='bbox 225 515 399 601; x_wconf 76' lang='grc' dir='ltr'><strong><em>παρῆλθεν</em></strong></span> <span class='ocrx_word' id='word_1_21' title='bbox 426 507 596 597; x_wconf 80' lang='grc' dir='ltr'><strong><em>είπεῖν,”</em></strong></span> <span class='ocrx_word' id='word_1_22' title='bbox 576 537 627 579; x_wconf 89' lang='grc' dir='ltr'><strong><em>οτι</em></strong></span> <span class='ocrx_word' id='word_1_23' title='bbox 655 513 711 580; x_wconf 78' lang='grc' dir='ltr'><strong><em>καί</em></strong></span> <span class='ocrx_word' id='word_1_24' title='bbox 738 510 860 591; x_wconf 89' lang='grc' dir='ltr'><strong><em>πάντες</em></strong></span> <span class='ocrx_word' id='word_1_25' title='bbox 887 508 1065 599; x_wconf 88' lang='grc' dir='ltr'><strong><em>άνθρωποι</em></strong></span> <span class='ocrx_word' id='word_1_26' title='bbox 1093 520 1172 633; x_wconf 85' lang='grc' dir='ltr'><strong><em>πλη-</em></strong></span> 
     </span>
     <span class='ocr_line' id='line_1_5' title="bbox 106 613 1174 734; baseline -0.006 -43"><span class='ocrx_word' id='word_1_27' title='bbox 106 625 240 734; x_wconf 78' lang='grc' dir='ltr'><strong><em>ιοεσίον</em></strong></span> <span class='ocrx_word' id='word_1_28' title='bbox 277 620 447 698; x_wconf 78' lang='grc' dir='ltr'><strong><em>οἰκοῦντες</em></strong></span> <span class='ocrx_word' id='word_1_29' title='bbox 482 615 664 705; x_wconf 74' lang='grc' dir='ltr'><strong><em>θαλάττης,</em></strong></span> <span class='ocrx_word' id='word_1_30' title='bbox 705 613 769 704; x_wconf 78' lang='grc' dir='ltr'><strong><em>ἤδη</em></strong></span> <span class='ocrx_word' id='word_1_31' title='bbox 808 618 848 685; x_wconf 87' lang='grc' dir='ltr'><strong><em>δέ</em></strong></span> <span class='ocrx_word' id='word_1_32' title='bbox 880 643 969 697; x_wconf 93' lang='grc' dir='ltr'><strong><em>τινες</em></strong></span> <span class='ocrx_word' id='word_1_33' title='bbox 1009 618 1067 685; x_wconf 80' lang='grc' dir='ltr'><strong><em>καὶ</em></strong></span> <span class='ocrx_word' id='word_1_34' title='bbox 1109 620 1174 685; x_wconf 83' lang='grc' dir='ltr'><strong><em>τῦν</em></strong></span> 
     </span>
     <span class='ocr_line' id='line_1_6' title="bbox 88 720 1197 852; baseline -0.002 -57"><span class='ocrx_word' id='word_1_35' title='bbox 88 793 91 795; x_wconf 82' lang='grc'><strong><em>,</em></strong></span> <span class='ocrx_word' id='word_1_36' title='bbox 134 725 287 815; x_wconf 89' lang='grc' dir='ltr'><strong><em>πόρρω,</em></strong></span> <span class='ocrx_word' id='word_1_37' title='bbox 325 720 405 793; x_wconf 68' lang='grc' dir='ltr'><strong><em>οῦδὲ</em></strong></span> <span class='ocrx_word' id='word_1_38' title='bbox 446 723 675 813; x_wconf 88' lang='grc' dir='ltr'><strong><em>θερμὴναντες</em></strong></span> <span class='ocrx_word' id='word_1_39' title='bbox 699 725 989 852; x_wconf 83' lang='grc' dir='ltr'><strong><em>καταρροφοῦσιν</em></strong></span> <span class='ocrx_word' id='word_1_40' title='bbox 1030 725 1084 811; x_wconf 86' lang='grc' dir='ltr'><strong><em>ἐχί</em></strong></span> <span class='ocrx_word' id='word_1_41' title='bbox 1082 749 1197 809; x_wconf 75' lang='grc' dir='ltr'><strong><em>νους,5</em></strong></span> 
     </span>
     <span class='ocr_line' id='line_1_7' title="bbox 159 825 1172 922; baseline -0.001 -22"><span class='ocrx_word' id='word_1_42' title='bbox 159 829 279 922; x_wconf 82' lang='grc' dir='ltr'><strong><em>ὄστρεα</em></strong></span> <span class='ocrx_word' id='word_1_43' title='bbox 306 832 362 900; x_wconf 90' lang='grc' dir='ltr'><strong><em>καὶ</em></strong></span> <span class='ocrx_word' id='word_1_44' title='bbox 393 829 502 899; x_wconf 87' lang='grc' dir='ltr'><strong><em>πάντα</em></strong></span> <span class='ocrx_word' id='word_1_45' title='bbox 531 826 642 911; x_wconf 80' lang='grc' dir='ltr'><strong><em>ἁπλῶς</em></strong></span> <span class='ocrx_word' id='word_1_46' title='bbox 672 826 713 899; x_wconf 79' lang='grc' dir='ltr'><strong><em>τὰ</em></strong></span> <span class='ocrx_word' id='word_1_47' title='bbox 739 831 889 898; x_wconf 88' lang='grc' dir='ltr'><strong><em>τοιαῦτα</em></strong></span> <span class='ocrx_word' id='word_1_48' title='bbox 921 825 991 919; x_wconf 78' lang='grc' dir='ltr'><strong><em>εἶτα</em></strong></span> <span class='ocrx_word' id='word_1_49' title='bbox 1024 831 1172 910; x_wconf 79' lang='grc' dir='ltr'><strong><em>ἐκείνους</em></strong></span> 
     </span>
     <span class='ocr_line' id='line_1_8' title="bbox 159 916 1176 1028; baseline -0.003 -21.877"><span class='ocrx_word' id='word_1_50' title='bbox 159 938 220 1028; x_wconf 75' lang='grc' dir='ltr'><strong><em>μὲν</em></strong></span> <span class='ocrx_word' id='word_1_51' title='bbox 247 933 494 1025; x_wconf 83' lang='grc' dir='ltr'><strong><em>ὑπολαμβάνεις</em></strong></span> <span class='ocrx_word' id='word_1_52' title='bbox 522 936 696 1025; x_wconf 78' lang='grc' dir='ltr'><strong><em>ζηλωτούς,</em></strong></span> <span class='ocrx_word' id='word_1_53' title='bbox 724 933 903 1005; x_wconf 75' lang='grc' dir='ltr'><strong><em>ῦθλιονδέ</em></strong></span> <span class='ocrx_word' id='word_1_54' title='bbox 926 916 982 1005; x_wconf 78' lang='grc' dir='ltr'><strong><em>καὶ</em></strong></span> <span class='ocrx_word' id='word_1_55' title='bbox 1010 935 1176 1026; x_wconf 85' lang='grc' dir='ltr'><strong><em>βδελυρόν</em></strong></span> 
     </span>
     <span class='ocr_line' id='line_1_9' title="bbox 158 1037 1176 1134; baseline -0.003 -22"><span class='ocrx_word' id='word_1_56' title='bbox 158 1041 224 1134; x_wconf 82' lang='grc' dir='ltr'><strong><em>ἡγὴ</em></strong></span> <span class='ocrx_word' id='word_1_57' title='bbox 257 1045 422 1131; x_wconf 84' lang='grc' dir='ltr'><strong><em>Διογένη,</em></strong></span> <span class='ocrx_word' id='word_1_58' title='bbox 459 1045 515 1111; x_wconf 85' lang='grc' dir='ltr'><strong><em>καὶ</em></strong></span> <span class='ocrx_word' id='word_1_59' title='bbox 552 1040 615 1112; x_wconf 89' lang='grc' dir='ltr'><strong><em>οῦκ</em></strong></span> <span class='ocrx_word' id='word_1_60' title='bbox 648 1045 789 1129; x_wconf 81' lang='grc' dir='ltr'><strong><em>ἐννοεῖς,</em></strong></span> <span class='ocrx_word' id='word_1_61' title='bbox 827 1037 872 1123; x_wconf 76' lang='grc' dir='ltr'><strong><em>ὡς</em></strong></span> <span class='ocrx_word' id='word_1_62' title='bbox 908 1039 1011 1111; x_wconf 80' lang='grc' dir='ltr'><strong><em>οῦδέυ</em></strong></span> <span class='ocrx_word' id='word_1_63' title='bbox 1050 1046 1176 1130; x_wconf 79' lang='grc' dir='ltr'><strong><em>μᾶλλον</em></strong></span> 
     </span>
     <span class='ocr_line' id='line_1_10' title="bbox 159 1146 1175 1237; baseline -0.003 -18"><span class='ocrx_word' id='word_1_64' title='bbox 159 1154 264 1219; x_wconf 91' lang='grc' dir='ltr'><strong><em>ταῦτα</em></strong></span> <span class='ocrx_word' id='word_1_65' title='bbox 284 1151 422 1218; x_wconf 83' lang='grc' dir='ltr'><strong><em>ἐκείνων</em></strong></span> <span class='ocrx_word' id='word_1_66' title='bbox 449 1151 518 1218; x_wconf 78' lang='grc' dir='ltr'><strong><em>ἐστὶ</em></strong></span> <span class='ocrx_word' id='word_1_67' title='bbox 537 1154 671 1237; x_wconf 84' lang='grc' dir='ltr'><strong><em>σαρκία·</em></strong></span> <span class='ocrx_word' id='word_1_68' title='bbox 699 1146 787 1237; x_wconf 90' lang='grc' dir='ltr'><strong><em>πλὴυ</em></strong></span> <span class='ocrx_word' id='word_1_69' title='bbox 806 1157 886 1229; x_wconf 85' lang='grc' dir='ltr'><strong><em>ίσως</em></strong></span> <span class='ocrx_word' id='word_1_70' title='bbox 904 1150 1008 1216; x_wconf 84' lang='grc' dir='ltr'><strong><em>ταῦτα</em></strong></span> <span class='ocrx_word' id='word_1_71' title='bbox 1036 1151 1175 1218; x_wconf 84' lang='grc' dir='ltr'><strong><em>ἐκείνων</em></strong></span> 
     </span>
     <span class='ocr_line' id='line_1_11' title="bbox 160 1252 1204 1346; baseline -0.005 -21"><span class='ocrx_word' id='word_1_72' title='bbox 160 1256 313 1345; x_wconf 75' lang='grc' dir='ltr'><strong><em>διαφέρει</em></strong></span> <span class='ocrx_word' id='word_1_73' title='bbox 344 1257 390 1346; x_wconf 79' lang='grc' dir='ltr'><strong><em>τῷ</em></strong></span> <span class='ocrx_word' id='word_1_74' title='bbox 418 1253 459 1323; x_wconf 81' lang='grc' dir='ltr'><strong><em>τά</em></strong></span> <span class='ocrx_word' id='word_1_75' title='bbox 486 1254 547 1341; x_wconf 69' lang='grc' dir='ltr'><strong><em>μὲν</em></strong></span> <span class='ocrx_word' id='word_1_76' title='bbox 580 1253 666 1323; x_wconf 76' lang='grc' dir='ltr'><strong><em>εἶναι</em></strong></span> <span class='ocrx_word' id='word_1_77' title='bbox 698 1255 871 1342; x_wconf 90' lang='grc' dir='ltr'><strong><em>μαλθακά,</em></strong></span> <span class='ocrx_word' id='word_1_78' title='bbox 902 1252 943 1323; x_wconf 82' lang='grc' dir='ltr'><strong><em>τῦ</em></strong></span> <span class='ocrx_word' id='word_1_79' title='bbox 971 1253 1008 1322; x_wconf 76' lang='grc' dir='ltr'><strong><em>δέ</em></strong></span> <span class='ocrx_word' id='word_1_80' title='bbox 1036 1255 1174 1345; x_wconf 91' lang='grc' dir='ltr'><strong><em>σκληρό-</em></strong></span> <span class='ocrx_word' id='word_1_81' title='bbox 1187 1281 1204 1320; x_wconf 88' lang='grc' dir='ltr'><strong><em>α</em></strong></span> 
     </span>
     <span class='ocr_line' id='line_1_12' title="bbox 159 1357 1174 1450; baseline -0.001 -21"><span class='ocrx_word' id='word_1_82' title='bbox 159 1388 247 1450; x_wconf 88' lang='grc' dir='ltr'><strong><em>τερα.</em></strong></span> <span class='ocrx_word' id='word_1_83' title='bbox 288 1358 430 1448; x_wconf 85' lang='grc' dir='ltr'><strong><em>άναιμος</em></strong></span> <span class='ocrx_word' id='word_1_84' title='bbox 456 1362 543 1446; x_wconf 89' lang='grc' dir='ltr'><strong><em>γοῦν</em></strong></span> <span class='ocrx_word' id='word_1_85' title='bbox 561 1363 629 1442; x_wconf 82' lang='grc' dir='ltr'><strong><em>ἐστι</em></strong></span> <span class='ocrx_word' id='word_1_86' title='bbox 648 1363 704 1428; x_wconf 82' lang='grc' dir='ltr'><strong><em>καὶ</em></strong></span> <span class='ocrx_word' id='word_1_87' title='bbox 722 1361 895 1442; x_wconf 76' lang='grc' dir='ltr'><strong><em>πολύπους</em></strong></span> <span class='ocrx_word' id='word_1_88' title='bbox 915 1357 1026 1450; x_wconf 74' lang='grc' dir='ltr'><strong><em>ὥσπερ</em></strong></span> <span class='ocrx_word' id='word_1_89' title='bbox 1057 1364 1174 1446; x_wconf 83' lang='grc' dir='ltr'><strong><em>ἐκεῖνα,</em></strong></span> 
     </span>
     <span class='ocr_line' id='line_1_13' title="bbox 120 1463 1175 1557; baseline -0.002 -21"><span class='ocrx_word' id='word_1_90' title='bbox 120 1473 294 1555; x_wconf 74' lang='grc' dir='ltr'><strong><em>Βέμψυχα</em></strong></span> <span class='ocrx_word' id='word_1_91' title='bbox 322 1468 362 1535; x_wconf 91' lang='grc' dir='ltr'><strong><em>δέ</em></strong></span> <span class='ocrx_word' id='word_1_92' title='bbox 392 1469 461 1535; x_wconf 86' lang='grc' dir='ltr'><strong><em>ἐστι</em></strong></span> <span class='ocrx_word' id='word_1_93' title='bbox 492 1468 549 1536; x_wconf 85' lang='grc' dir='ltr'><strong><em>καὶ</em></strong></span> <span class='ocrx_word' id='word_1_94' title='bbox 580 1464 621 1536; x_wconf 83' lang='grc' dir='ltr'><strong><em>τότ</em></strong></span> <span class='ocrx_word' id='word_1_95' title='bbox 654 1463 905 1557; x_wconf 76' lang='grc' dir='ltr'><strong><em>ὀστρακόδερμα</em></strong></span> <span class='ocrx_word' id='word_1_96' title='bbox 935 1466 1091 1557; x_wconf 88' lang='grc' dir='ltr'><strong><em>καθάπερ</em></strong></span> <span class='ocrx_word' id='word_1_97' title='bbox 1123 1467 1175 1537; x_wconf 83' lang='grc' dir='ltr'><strong><em>καὶ</em></strong></span> 
     </span>
     <span class='ocr_line' id='line_1_14' title="bbox 161 1565 1175 1662; baseline -0.002 -19"><span class='ocrx_word' id='word_1_98' title='bbox 161 1565 273 1654; x_wconf 89' lang='grc' dir='ltr'><strong><em>οῦτος·</em></strong></span> <span class='ocrx_word' id='word_1_99' title='bbox 309 1571 425 1661; x_wconf 82' lang='grc' dir='ltr'><strong><em>ἥδεται</em></strong></span> <span class='ocrx_word' id='word_1_100' title='bbox 456 1576 544 1659; x_wconf 89' lang='grc' dir='ltr'><strong><em>γοῦν</em></strong></span> <span class='ocrx_word' id='word_1_101' title='bbox 575 1575 631 1642; x_wconf 81' lang='grc' dir='ltr'><strong><em>καὶ</em></strong></span> <span class='ocrx_word' id='word_1_102' title='bbox 663 1581 829 1661; x_wconf 86' lang='grc' dir='ltr'><strong><em>λυπεῖται,</em></strong></span> <span class='ocrx_word' id='word_1_103' title='bbox 863 1570 880 1643; x_wconf 81' lang='grc' dir='ltr'>ὃ</span> <span class='ocrx_word' id='word_1_104' title='bbox 912 1575 982 1642; x_wconf 79' lang='grc' dir='ltr'><strong><em>τάν</em></strong></span> <span class='ocrx_word' id='word_1_105' title='bbox 1019 1575 1175 1662; x_wconf 75' lang='grc' dir='ltr'><strong><em>ἐμψύχων</em></strong></span> 
     </span>
     <span class='ocr_line' id='line_1_15' title="bbox 161 1673 1174 1770; baseline -0.004 -19"><span class='ocrx_word' id='word_1_106' title='bbox 161 1680 303 1770; x_wconf 86' lang='grc' dir='ltr'><strong><em>μάλιστά</em></strong></span> <span class='ocrx_word' id='word_1_107' title='bbox 340 1682 430 1750; x_wconf 85' lang='grc' dir='ltr'><strong><em>ἐστιν</em></strong></span> <span class='ocrx_word' id='word_1_108' title='bbox 463 1685 562 1750; x_wconf 83' lang='grc' dir='ltr'><strong><em>ίδιον.</em></strong></span> <span class='ocrx_word' id='word_1_109' title='bbox 612 1682 785 1768; x_wconf 84' lang='grc' dir='ltr'><strong><em>ἐνοχλείτω</em></strong></span> <span class='ocrx_word' id='word_1_110' title='bbox 824 1680 861 1750; x_wconf 73' lang='grc' dir='ltr'><strong><em>δὲ</em></strong></span> <span class='ocrx_word' id='word_1_111' title='bbox 897 1679 1004 1768; x_wconf 75' lang='grc' dir='ltr'><strong><em>μηδὲν</em></strong></span> <span class='ocrx_word' id='word_1_112' title='bbox 1040 1676 1127 1769; x_wconf 75' lang='grc' dir='ltr'><strong><em>ἡμᾶς</em></strong></span> <span class='ocrx_word' id='word_1_113' title='bbox 1156 1673 1174 1766; x_wconf 92' lang='grc' dir='ltr'><strong><em>ἡ</em></strong></span> 
     </span>
     <span class='ocr_line' id='line_1_16' title="bbox 161 1783 1208 1876; baseline -0.006 -20"><span class='ocrx_word' id='word_1_114' title='bbox 161 1784 360 1876; x_wconf 77' lang='grc' dir='ltr'><strong><em>Πλατωνικὴ</em></strong></span> <span class='ocrx_word' id='word_1_115' title='bbox 393 1790 500 1856; x_wconf 87' lang='grc' dir='ltr'><strong><em>τανῦν</em></strong></span> <span class='ocrx_word' id='word_1_116' title='bbox 533 1786 615 1869; x_wconf 79' lang='grc' dir='ltr'><strong><em>δόξα</em></strong></span> <span class='ocrx_word' id='word_1_117' title='bbox 642 1792 773 1874; x_wconf 79' lang='grc' dir='ltr'><strong><em>ἔμψυχα</em></strong></span> <span class='ocrx_word' id='word_1_118' title='bbox 805 1783 1096 1874; x_wconf 80' lang='grc' dir='ltr'><strong><em>ὑπολαμβάνουσα</em></strong></span> <span class='ocrx_word' id='word_1_119' title='bbox 1124 1787 1175 1856; x_wconf 86' lang='grc' dir='ltr'><strong><em>καὶ</em></strong></span> <span class='ocrx_word' id='word_1_120' title='bbox 1187 1810 1208 1851; x_wconf 85' lang='lat'><strong><em>15</em></strong></span> 
     </span>
     <span class='ocr_line' id='line_1_17' title="bbox 160 1882 1176 1982; baseline -0.003 -19"><span class='ocrx_word' id='word_1_121' title='bbox 160 1892 202 1963; x_wconf 85' lang='grc' dir='ltr'><strong><em>τά</em></strong></span> <span class='ocrx_word' id='word_1_122' title='bbox 230 1893 328 1982; x_wconf 87' lang='grc' dir='ltr'><strong><em>φυτά.</em></strong></span> <span class='ocrx_word' id='word_1_123' title='bbox 374 1890 446 1963; x_wconf 78' lang='grc' dir='ltr'><strong><em>ἀλλ’</em></strong></span> <span class='ocrx_word' id='word_1_124' title='bbox 478 1890 528 1962; x_wconf 85' lang='grc' dir='ltr'><strong><em>ότι</em></strong></span> <span class='ocrx_word' id='word_1_125' title='bbox 556 1892 617 1982; x_wconf 76' lang='grc' dir='ltr'><strong><em>μὲν</em></strong></span> <span class='ocrx_word' id='word_1_126' title='bbox 636 1891 680 1963; x_wconf 92' lang='grc' dir='ltr'><strong><em>οῦ</em></strong></span> <span class='ocrx_word' id='word_1_127' title='bbox 706 1891 850 1981; x_wconf 86' lang='grc' dir='ltr'><strong><em>χαλεπὸν</em></strong></span> <span class='ocrx_word' id='word_1_128' title='bbox 873 1889 953 1962; x_wconf 70' lang='grc' dir='ltr'><strong><em>οῦδὲ</em></strong></span> <span class='ocrx_word' id='word_1_129' title='bbox 981 1882 1176 1981; x_wconf 83' lang='grc' dir='ltr'><strong><em>παράνομον</em></strong></span> 
     </span>
     <span class='ocr_line' id='line_1_18' title="bbox 163 1995 1176 2089; baseline -0.002 -19"><span class='ocrx_word' id='word_1_130' title='bbox 163 1998 244 2071; x_wconf 73' lang='grc' dir='ltr'><strong><em>οῦδὲ</em></strong></span> <span class='ocrx_word' id='word_1_131' title='bbox 272 1997 443 2089; x_wconf 75' lang='grc' dir='ltr'><strong><em>ἀσύνηθες</em></strong></span> <span class='ocrx_word' id='word_1_132' title='bbox 470 1996 552 2088; x_wconf 89' lang='grc' dir='ltr'><strong><em>ῦμῖν</em></strong></span> <span class='ocrx_word' id='word_1_133' title='bbox 579 1995 597 2069; x_wconf 86' lang='grc' dir='ltr'><strong><em>ό</em></strong></span> <span class='ocrx_word' id='word_1_134' title='bbox 622 2014 777 2086; x_wconf 76' lang='grc' dir='ltr'><strong><em>γενναῖος</em></strong></span> <span class='ocrx_word' id='word_1_135' title='bbox 805 2000 981 2089; x_wconf 77' lang='grc' dir='ltr'><strong><em>εἰργάσατο</em></strong></span> <span class='ocrx_word' id='word_1_136' title='bbox 1000 2002 1176 2087; x_wconf 84' lang='grc' dir='ltr'><strong><em>Διογένης,</em></strong></span> 
     </span>
    </p>

    <p class='ocr_par' dir='ltr' id='par_1_3' title="bbox 123 2100 1214 3046">
     <span class='ocr_line' id='line_1_19' title="bbox 129 2100 1177 2199; baseline -0.005 -22"><span class='ocrx_word' id='word_1_137' title='bbox 129 2144 131 2146; x_wconf 88' lang='grc'><em>·</em></span> <span class='ocrx_word' id='word_1_138' title='bbox 162 2114 193 2177; x_wconf 83' lang='grc' dir='ltr'><strong><em>εί</em></strong></span> <span class='ocrx_word' id='word_1_139' title='bbox 229 2105 273 2195; x_wconf 88' lang='grc' dir='ltr'><strong><em>μὴ</em></strong></span> <span class='ocrx_word' id='word_1_140' title='bbox 309 2110 355 2199; x_wconf 77' lang='grc' dir='ltr'><strong><em>τῷ</em></strong></span> <span class='ocrx_word' id='word_1_141' title='bbox 393 2107 600 2198; x_wconf 84' lang='grc' dir='ltr'><strong><em>σκληροτέρφ</em></strong></span> <span class='ocrx_word' id='word_1_142' title='bbox 638 2108 694 2175; x_wconf 81' lang='grc' dir='ltr'><strong><em>καὶ</em></strong></span> <span class='ocrx_word' id='word_1_143' title='bbox 732 2106 967 2198; x_wconf 82' lang='grc' dir='ltr'><strong><em>μαλακωτέρφ,</em></strong></span> <span class='ocrx_word' id='word_1_144' title='bbox 1004 2100 1114 2196; x_wconf 78' lang='grc' dir='ltr'><strong><em>ἡδονῇ</em></strong></span> <span class='ocrx_word' id='word_1_145' title='bbox 1145 2130 1177 2172; x_wconf 87' lang='grc' dir='ltr'><strong><em>τε</em></strong></span> 
     </span>
     <span class='ocr_line' id='line_1_20' title="bbox 162 2209 1178 2304; baseline -0.002 -22"><span class='ocrx_word' id='word_1_146' title='bbox 162 2216 284 2300; x_wconf 85' lang='grc' dir='ltr'><strong><em>λαιμοῦ</em></strong></span> <span class='ocrx_word' id='word_1_147' title='bbox 312 2214 368 2280; x_wconf 85' lang='grc' dir='ltr'><strong><em>καὶ</em></strong></span> <span class='ocrx_word' id='word_1_148' title='bbox 395 2209 497 2304; x_wconf 80' lang='grc' dir='ltr'><strong><em>άηδίηι</em></strong></span> <span class='ocrx_word' id='word_1_149' title='bbox 524 2211 566 2281; x_wconf 83' lang='grc' dir='ltr'><strong><em>τὰ</em></strong></span> <span class='ocrx_word' id='word_1_150' title='bbox 593 2213 731 2282; x_wconf 87' lang='grc' dir='ltr'><strong><em>τοιαῦτά</em></strong></span> <span class='ocrx_word' id='word_1_151' title='bbox 757 2240 807 2294; x_wconf 92' lang='grc' dir='ltr'><strong><em>τις</em></strong></span> <span class='ocrx_word' id='word_1_152' title='bbox 829 2211 979 2298; x_wconf 78' lang='grc' dir='ltr'><strong><em>ἐξετάζοι,</em></strong></span> <span class='ocrx_word' id='word_1_153' title='bbox 1006 2212 1178 2300; x_wconf 90' lang='grc' dir='ltr'><strong><em>πρόδηλον</em></strong></span> 
     </span>
     <span class='ocr_line' id='line_1_21' title="bbox 123 2314 1210 2412; baseline -0.008 -21"><span class='ocrx_word' id='word_1_154' title='bbox 123 2315 257 2406; x_wconf 74' lang='grc' dir='ltr'><strong><em>θοίμαι</em></strong></span> <span class='ocrx_word' id='word_1_155' title='bbox 283 2333 352 2399; x_wconf 90' lang='grc' dir='ltr'><strong><em>τοῖς</em></strong></span> <span class='ocrx_word' id='word_1_156' title='bbox 380 2314 539 2388; x_wconf 82' lang='grc' dir='ltr'><strong><em>ὁπωσοῦν</em></strong></span> <span class='ocrx_word' id='word_1_157' title='bbox 567 2320 708 2388; x_wconf 81' lang='grc' dir='ltr'><strong><em>ἔπεσθαι</em></strong></span> <span class='ocrx_word' id='word_1_158' title='bbox 740 2318 841 2412; x_wconf 65' lang='grc' dir='ltr'><strong><em>λόγωΔ</em></strong></span> <span class='ocrx_word' id='word_1_159' title='bbox 859 2319 1070 2406; x_wconf 86' lang='grc' dir='ltr'><strong><em>δυναμένοις.</em></strong></span> <span class='ocrx_word' id='word_1_160' title='bbox 1117 2315 1210 2388; x_wconf 83' lang='grc' dir='ltr'><strong><em>οῦκιο</em></strong></span> 
     </span>
     <span class='ocr_line' id='line_1_22' title="bbox 162 2420 1198 2514; baseline -0.001 -22"><span class='ocrx_word' id='word_1_161' title='bbox 162 2421 229 2514; x_wconf 88' lang='grc' dir='ltr'><strong><em>όίρα</em></strong></span> <span class='ocrx_word' id='word_1_162' title='bbox 256 2420 318 2511; x_wconf 88' lang='grc' dir='ltr'><strong><em>τὴν</em></strong></span> <span class='ocrx_word' id='word_1_163' title='bbox 350 2420 550 2512; x_wconf 80' lang='grc' dir='ltr'><strong><em>ύμοφαγίαν</em></strong></span> <span class='ocrx_word' id='word_1_164' title='bbox 582 2425 804 2513; x_wconf 85' lang='grc' dir='ltr'><strong><em>βδελύττεσθε</em></strong></span> <span class='ocrx_word' id='word_1_165' title='bbox 832 2429 867 2494; x_wconf 85' lang='grc' dir='ltr'><strong><em>οί</em></strong></span> <span class='ocrx_word' id='word_1_166' title='bbox 895 2423 935 2494; x_wconf 81' lang='grc' dir='ltr'><strong><em>τά</em></strong></span> <span class='ocrx_word' id='word_1_167' title='bbox 962 2425 1198 2514; x_wconf 79' lang='grc' dir='ltr'><strong><em>παραπλήσια·</em></strong></span> 
     </span>
     <span class='ocr_line' id='line_1_23' title="bbox 163 2527 1180 2623; baseline 0 -25"><span class='ocrx_word' id='word_1_168' title='bbox 163 2533 322 2620; x_wconf 77' lang='grc' dir='ltr'><strong><em>δρῶντες,</em></strong></span> <span class='ocrx_word' id='word_1_169' title='bbox 356 2527 419 2599; x_wconf 91' lang='grc' dir='ltr'><strong><em>οῦκ</em></strong></span> <span class='ocrx_word' id='word_1_170' title='bbox 446 2532 500 2599; x_wconf 79' lang='grc' dir='ltr'><strong><em>ἐπὶ</em></strong></span> <span class='ocrx_word' id='word_1_171' title='bbox 531 2533 600 2599; x_wconf 82' lang='grc' dir='ltr'><strong><em>τῦν</em></strong></span> <span class='ocrx_word' id='word_1_172' title='bbox 631 2528 785 2619; x_wconf 87' lang='grc' dir='ltr'><strong><em>ίιναίμων</em></strong></span> <span class='ocrx_word' id='word_1_173' title='bbox 816 2531 924 2622; x_wconf 91' lang='grc' dir='ltr'><strong><em>μόνον</em></strong></span> <span class='ocrx_word' id='word_1_174' title='bbox 956 2529 1064 2623; x_wconf 78' lang='grc' dir='ltr'><strong><em>ζῴων,</em></strong></span> <span class='ocrx_word' id='word_1_175' title='bbox 1097 2528 1180 2600; x_wconf 85' lang='grc' dir='ltr'><strong><em>άλλόι</em></strong></span> 
     </span>
     <span class='ocr_line' id='line_1_24' title="bbox 162 2629 1178 2729; baseline 0.001 -24"><span class='ocrx_word' id='word_1_176' title='bbox 162 2638 219 2705; x_wconf 84' lang='grc' dir='ltr'><strong><em>καὶ</em></strong></span> <span class='ocrx_word' id='word_1_177' title='bbox 247 2637 300 2705; x_wconf 82' lang='grc' dir='ltr'><strong><em>ἐπὶ</em></strong></span> <span class='ocrx_word' id='word_1_178' title='bbox 328 2639 396 2705; x_wconf 75' lang='grc' dir='ltr'><strong><em>τῶν</em></strong></span> <span class='ocrx_word' id='word_1_179' title='bbox 425 2629 506 2725; x_wconf 85' lang='grc' dir='ltr'><strong><em>αἷμα</em></strong></span> <span class='ocrx_word' id='word_1_180' title='bbox 534 2637 689 2726; x_wconf 79' lang='grc' dir='ltr'><strong><em>ἐχόντων.</em></strong></span> <span class='ocrx_word' id='word_1_181' title='bbox 724 2639 780 2706; x_wconf 79' lang='grc' dir='ltr'><strong><em>καὶ</em></strong></span> <span class='ocrx_word' id='word_1_182' title='bbox 807 2637 915 2729; x_wconf 87' lang='grc' dir='ltr'><strong><em>τούτφ</em></strong></span> <span class='ocrx_word' id='word_1_183' title='bbox 935 2636 973 2706; x_wconf 74' lang='grc' dir='ltr'><strong><em>δὲ</em></strong></span> <span class='ocrx_word' id='word_1_184' title='bbox 1002 2646 1083 2719; x_wconf 78' lang='grc' dir='ltr'><strong><em>ἴσως</em></strong></span> <span class='ocrx_word' id='word_1_185' title='bbox 1107 2643 1178 2707; x_wconf 91' lang='grc' dir='ltr'><strong><em>δια-</em></strong></span> 
     </span>
     <span class='ocr_line' id='line_1_25' title="bbox 163 2739 1179 2832; baseline -0.002 -21"><span class='ocrx_word' id='word_1_186' title='bbox 163 2744 310 2832; x_wconf 82' lang='grc' dir='ltr'><strong><em>φέρεσθε</em></strong></span> <span class='ocrx_word' id='word_1_187' title='bbox 341 2740 425 2832; x_wconf 86' lang='grc' dir='ltr'><strong><em>πρός</em></strong></span> <span class='ocrx_word' id='word_1_188' title='bbox 451 2745 596 2831; x_wconf 88' lang='grc' dir='ltr'><strong><em>ἐκεῖνον,</em></strong></span> <span class='ocrx_word' id='word_1_189' title='bbox 629 2740 679 2813; x_wconf 83' lang='grc' dir='ltr'><strong><em>ὅτι</em></strong></span> <span class='ocrx_word' id='word_1_190' title='bbox 708 2740 725 2813; x_wconf 87' lang='grc' dir='ltr'>ὁ</span> <span class='ocrx_word' id='word_1_191' title='bbox 754 2744 816 2832; x_wconf 69' lang='grc' dir='ltr'><strong><em>μὲν</em></strong></span> <span class='ocrx_word' id='word_1_192' title='bbox 848 2739 961 2825; x_wconf 85' lang='grc' dir='ltr'><strong><em>ῦπλῦς</em></strong></span> <span class='ocrx_word' id='word_1_193' title='bbox 991 2747 1097 2812; x_wconf 88' lang='grc' dir='ltr'><strong><em>ταῦτα</em></strong></span> <span class='ocrx_word' id='word_1_194' title='bbox 1125 2743 1179 2813; x_wconf 81' lang='grc' dir='ltr'><strong><em>καὶ</em></strong></span> 
     </span>
     <span class='ocr_line' id='line_1_26' title="bbox 162 2845 1214 2943; baseline -0.005 -24"><span class='ocrx_word' id='word_1_195' title='bbox 162 2847 246 2919; x_wconf 84' lang='grc' dir='ltr'><strong><em>κατά</em></strong></span> <span class='ocrx_word' id='word_1_196' title='bbox 282 2849 388 2936; x_wconf 87' lang='grc' dir='ltr'><strong><em>φύσιν</em></strong></span> <span class='ocrx_word' id='word_1_197' title='bbox 424 2846 521 2943; x_wconf 75' lang='grc' dir='ltr'><strong><em>ᾥὴθη</em></strong></span> <span class='ocrx_word' id='word_1_198' title='bbox 558 2853 678 2941; x_wconf 86' lang='grc' dir='ltr'><strong><em>χρὴναι</em></strong></span> <span class='ocrx_word' id='word_1_199' title='bbox 715 2852 986 2941; x_wconf 83' lang='grc' dir='ltr'><strong><em>προσφέρεσθαι,</em></strong></span> <span class='ocrx_word' id='word_1_200' title='bbox 1024 2845 1101 2919; x_wconf 79' lang='grc' dir='ltr'><strong><em>ἁλσὶ</em></strong></span> <span class='ocrx_word' id='word_1_201' title='bbox 1144 2847 1214 2918; x_wconf 71' lang='grc' dir='ltr'><strong><em>δέεί</em></strong></span> 
     </span>
     <span class='ocr_line' id='line_1_27' title="bbox 162 2952 1179 3046; baseline -0.003 -20"><span class='ocrx_word' id='word_1_202' title='bbox 162 2953 258 3045; x_wconf 84' lang='grc' dir='ltr'><strong><em>ῦμεῖς</em></strong></span> <span class='ocrx_word' id='word_1_203' title='bbox 284 2957 340 3027; x_wconf 81' lang='grc' dir='ltr'><strong><em>καὶ</em></strong></span> <span class='ocrx_word' id='word_1_204' title='bbox 372 2966 508 3039; x_wconf 78' lang='grc' dir='ltr'><strong><em>πολλοῖς</em></strong></span> <span class='ocrx_word' id='word_1_205' title='bbox 540 2955 652 3039; x_wconf 79' lang='grc' dir='ltr'><strong><em>ἄλλοις</em></strong></span> <span class='ocrx_word' id='word_1_206' title='bbox 679 2954 883 3046; x_wconf 86' lang='grc' dir='ltr'><strong><em>άρτύσαντες</em></strong></span> <span class='ocrx_word' id='word_1_207' title='bbox 913 2952 1040 3045; x_wconf 87' lang='grc' dir='ltr'><strong><em>ἡδονὴς</em></strong></span> <span class='ocrx_word' id='word_1_208' title='bbox 1072 2958 1179 3041; x_wconf 79' lang='grc' dir='ltr'><strong><em>ἕνεκα,</em></strong></span> 
     </span>
    </p>
   </div>
   <div class='ocr_carea' id='block_1_3' title="bbox 164 3189 1181 3520">
    <p class='ocr_par' dir='ltr' id='par_1_4' title="bbox 164 3189 1181 3520">
     <span class='ocr_line' id='line_1_28' title="bbox 232 3189 1180 3279; baseline -0.003 -30"><span class='ocrx_word' id='word_1_209' title='bbox 232 3189 381 3265; x_wconf 76' lang='grc' dir='ltr'><strong><em>Ῑλάχανα</em></strong></span> <span class='ocrx_word' id='word_1_210' title='bbox 404 3192 517 3266; x_wconf 70' lang='grc' dir='ltr'><strong><em>χόρτον]</em></strong></span> <span class='ocrx_word' id='word_1_211' title='bbox 543 3198 586 3248; x_wconf 83' lang='lat' dir='ltr'><strong><em>cf.</em></strong></span> <span class='ocrx_word' id='word_1_212' title='bbox 606 3198 731 3249; x_wconf 77' lang='lat' dir='ltr'><strong>Iulianus</strong></span> <span class='ocrx_word' id='word_1_213' title='bbox 756 3215 800 3276; x_wconf 84' lang='lat' dir='ltr'><strong><em>ap.</em></strong></span> <span class='ocrx_word' id='word_1_214' title='bbox 821 3197 920 3260; x_wconf 81' lang='lat' dir='ltr'><strong>Cyrill.</strong></span> <span class='ocrx_word' id='word_1_215' title='bbox 939 3213 967 3279; x_wconf 87' lang='lat' dir='ltr'>p</span> <span class='ocrx_word' id='word_1_216' title='bbox 985 3198 1073 3249; x_wconf 75' lang='lat'>2381)</span> <span class='ocrx_word' id='word_1_217' title='bbox 1098 3196 1180 3250; x_wconf 79' lang='lat'>3140</span> 
     </span>
     <span class='ocr_line' id='line_1_29' title="bbox 164 3256 1181 3393; baseline -0.002 -75"><span class='ocrx_word' id='word_1_218' title='bbox 164 3264 379 3345; x_wconf 69' lang='grc' dir='ltr'><strong><em>θΓαλιλαίων]</em></strong></span> <span class='ocrx_word' id='word_1_219' title='bbox 399 3266 442 3318; x_wconf 80' lang='lat' dir='ltr'><strong><em>Of</em></strong></span> <span class='ocrx_word' id='word_1_220' title='bbox 461 3265 561 3318; x_wconf 84' lang='lat' dir='ltr'>Genes</span> <span class='ocrx_word' id='word_1_221' title='bbox 580 3269 605 3327; x_wconf 84' lang='lat'><strong><em>9,</em></strong></span> <span class='ocrx_word' id='word_1_222' title='bbox 624 3270 639 3316; x_wconf 85' lang='lat'>3</span> <span class='ocrx_word' id='word_1_223' title='bbox 666 3265 670 3330; x_wconf 92' lang='grc' dir='ltr'>Ι</span> <span class='ocrx_word' id='word_1_224' title='bbox 695 3263 801 3347; x_wconf 89' lang='grc' dir='ltr'><strong><em>μικροῦ</em></strong></span> <span class='ocrx_word' id='word_1_225' title='bbox 819 3263 858 3332; x_wconf 89' lang='grc' dir='ltr'><strong><em>Η]</em></strong></span> <span class='ocrx_word' id='word_1_226' title='bbox 883 3260 987 3346; x_wconf 81' lang='grc' dir='ltr'><strong><em>μικρὸν</em></strong></span> <span class='ocrx_word' id='word_1_227' title='bbox 1056 3256 1181 3393; x_wconf 65' lang='grc' dir='ltr'><strong><em>8οῦδὲὴ</em></strong></span> 
     </span>
     <span class='ocr_line' id='line_1_30' title="bbox 164 3321 1178 3453; baseline 0 -69"><span class='ocrx_word' id='word_1_228' title='bbox 164 3332 217 3412; x_wconf 89' lang='lat' dir='ltr'><strong><em>H]</em></strong></span> <span class='ocrx_word' id='word_1_229' title='bbox 220 3326 312 3384; x_wconf 78' lang='grc' dir='ltr'><strong><em>οῦθέν</em></strong></span> <span class='ocrx_word' id='word_1_230' title='bbox 366 3339 398 3386; x_wconf 86' lang='lat'><strong><em>10</em></strong></span> <span class='ocrx_word' id='word_1_231' title='bbox 416 3329 559 3453; x_wconf 81' lang='grc' dir='ltr'><strong><em>διαφέρει</em></strong></span> <span class='ocrx_word' id='word_1_232' title='bbox 571 3331 608 3398; x_wconf 88' lang='lat' dir='ltr'><strong><em>H]</em></strong></span> <span class='ocrx_word' id='word_1_233' title='bbox 629 3327 781 3452; x_wconf 88' lang='grc' dir='ltr'><strong><em>διαφέρειν</em></strong></span> <span class='ocrx_word' id='word_1_234' title='bbox 850 3337 883 3384; x_wconf 87' lang='grc'><strong><em>13</em></strong></span> <span class='ocrx_word' id='word_1_235' title='bbox 901 3321 986 3414; x_wconf 81' lang='grc' dir='ltr'><strong><em>ρῦτος</em></strong></span> <span class='ocrx_word' id='word_1_236' title='bbox 1004 3329 1044 3396; x_wconf 92' lang='lat' dir='ltr'><strong><em>H]</em></strong></span> <span class='ocrx_word' id='word_1_237' title='bbox 1063 3329 1178 3393; x_wconf 85' lang='grc' dir='ltr'><strong><em>τοῦτοΙ</em></strong></span> 
     </span>
     <span class='ocr_line' id='line_1_31' title="bbox 164 3390 1181 3520; baseline -0.004 -68"><span class='ocrx_word' id='word_1_238' title='bbox 164 3399 234 3468; x_wconf 91' lang='grc' dir='ltr'><strong><em>γοῦν</em></strong></span> <span class='ocrx_word' id='word_1_239' title='bbox 253 3398 291 3486; x_wconf 71' lang='lat' dir='ltr'><strong><em>HJ</em></strong></span> <span class='ocrx_word' id='word_1_240' title='bbox 312 3390 365 3454; x_wconf 88' lang='grc' dir='ltr'><strong><em>οῦν</em></strong></span> <span class='ocrx_word' id='word_1_241' title='bbox 435 3404 468 3453; x_wconf 84' lang='grc'><strong><em>14</em></strong></span> <span class='ocrx_word' id='word_1_242' title='bbox 465 3397 559 3481; x_wconf 70' lang='grc' dir='ltr'><strong><em>μηδὲ</em></strong></span> <span class='ocrx_word' id='word_1_243' title='bbox 562 3420 578 3453; x_wconf 94' lang='grc' dir='ltr'><strong><em>ν</em></strong></span> <span class='ocrx_word' id='word_1_244' title='bbox 596 3400 633 3468; x_wconf 88' lang='grc' dir='ltr'><strong><em>Η]</em></strong></span> <span class='ocrx_word' id='word_1_245' title='bbox 652 3396 751 3467; x_wconf 75' lang='grc' dir='ltr'><strong><em>μηθέν</em></strong></span> <span class='ocrx_word' id='word_1_246' title='bbox 822 3404 853 3453; x_wconf 87' lang='grc'><strong><em>16</em></strong></span> <span class='ocrx_word' id='word_1_247' title='bbox 877 3393 1009 3520; x_wconf 54' lang='grc' dir='ltr'><strong><em>οῦὴοῦτι</em></strong></span> <span class='ocrx_word' id='word_1_248' title='bbox 1026 3401 1068 3462; x_wconf 90' lang='lat' dir='ltr'><strong><em>H,</em></strong></span> <span class='ocrx_word' id='word_1_249' title='bbox 1088 3402 1181 3452; x_wconf 80' lang='lat' dir='ltr'><strong>malim</strong></span> 
     </span>
    </p>
   </div>
   <div class='ocr_carea' id='block_1_4' title="bbox 154 3437 1180 3586">
    <p class='ocr_par' dir='ltr' id='par_1_5' title="bbox 154 3437 1180 3586">
     <span class='ocr_line' id='line_1_32' title="bbox 154 3437 1180 3586; baseline 0.002 -68"><span class='ocrx_word' id='word_1_250' title='bbox 154 3471 250 3586; x_wconf 34' lang='grc' dir='ltr'><strong><em>ἔντιμοι</em></strong></span> <span class='ocrx_word' id='word_1_251' title='bbox 269 3468 375 3534; x_wconf 88' lang='grc' dir='ltr'><strong><em>αλογον</em></strong></span> <span class='ocrx_word' id='word_1_252' title='bbox 393 3460 478 3521; x_wconf 82' lang='lat' dir='ltr'><strong><em>vel</em></strong></span> <span class='ocrx_word' id='word_1_253' title='bbox 458 3485 568 3521; x_wconf 86' lang='grc' dir='ltr'><strong><em>ατοπον</em></strong></span> <span class='ocrx_word' id='word_1_254' title='bbox 585 3485 634 3534; x_wconf 85' lang='lat' dir='ltr'><strong><em>pro</em></strong></span> <span class='ocrx_word' id='word_1_255' title='bbox 654 3459 784 3535; x_wconf 86' lang='grc' dir='ltr'><strong><em>χαλεπὸν</em></strong></span> <span class='ocrx_word' id='word_1_256' title='bbox 842 3472 909 3533; x_wconf 86' lang='grc' dir='ltr'><strong><em>18η</em></strong></span> <span class='ocrx_word' id='word_1_257' title='bbox 933 3465 999 3536; x_wconf 84' lang='grc' dir='ltr'><strong><em>ονῇ]</em></strong></span> <span class='ocrx_word' id='word_1_258' title='bbox 1019 3437 1069 3519; x_wconf 72' lang='grc' dir='ltr'><strong><em>καί</em></strong></span> <span class='ocrx_word' id='word_1_259' title='bbox 1088 3462 1180 3536; x_wconf 75' lang='grc' dir='ltr'><strong><em>ἡδονῇ</em></strong></span> 
     </span>
     <span class='ocr_line' id='line_1_33' title="bbox 183 3551 197 3584; baseline 0 0"><span class='ocrx_word' id='word_1_260' title='bbox 183 3551 197 3584; x_wconf 87' lang='grc' dir='ltr'><strong><em>ε</em></strong></span> 
     </span>
    </p>
   </div>
   <div class='ocr_carea' id='block_1_5' title="bbox 0 0 1240 3870">
    <p class='ocr_par' dir='ltr' id='par_1_6' title="bbox 0 0 1240 3870">
     <span class='ocr_line' id='line_1_34' title="bbox 0 0 1240 3870; baseline 0 0"><span class='ocrx_word' id='word_1_261' title='bbox 0 0 1240 3870; x_wconf 95' lang='lat' dir='ltr'><strong><em> </em></strong></span> 
     </span>
    </p>
   </div>
  </div>
 </body>
</html>
