2446 3870
466 151 602 204 οοεωο
621 153 653 204 v.
1006 155 1068 219 223

56 274 138 364 γοῦς
171 273 307 358 ἀκτῖνας
338 273 445 365 ἡλίου.
491 278 606 348 σκόπει
635 279 672 347 δὲ
700 281 859 370 ἐναργῶς·
892 282 977 350 ἕλκει
1009 283 1107 370 μὲνΒ

57 379 122 451 ἀπὸ
150 385 210 471 τῆς
236 385 297 471 γῆς
323 383 433 452 πάντα
455 385 511 452 καὶ
529 394 762 473 προσκαλεῖται
789 387 845 454 καὶ
873 388 1071 475 βλαστάνειν

57 502 148 557 ποιεῖ
171 490 211 577 τῇ
245 494 405 578 ζωπυρίδι
436 490 491 557 καὶ
523 493 703 580 θαυμαστῇ
733 492 859 580 θέρμη,
888 497 1072 583 διακρίνων

58 592 150 682 οἶμαι
190 592 275 684 πρὸς
315 591 423 684 ἀκραν
459 595 638 684 λεπτότητα
674 594 716 664 τά
753 597 904 685 σάματα,
940 600 995 667 καί
1031 596 1072 666 τά

29 700 159 787 εφύσει
186 698 357 789 φερόμενα
383 701 472 770 κάτω
500 708 660 789 κουφίζει.
700 700 741 770 τά
769 700 810 790 δή
837 706 977 772 τοιαῦτα
1003 706 1071 771 νῦν

57 804 201 896 ἀφανῶν
228 801 334 874 αῦτοῦ
361 806 539 895 δυνάμεων
570 809 727 895 ποιητέον
753 808 919 897 τεκμήρια.
960 805 978 878 ὁ
1007 807 1071 900 γάρ

57 915 94 980 έν
120 926 193 993 τοῖς
220 911 350 1001 σώμασι
378 911 435 980 διὰ
466 916 525 1002 τής
552 916 801 1001 σωματοειδοῦς
826 917 954 1005 θέρμης
982 912 1070 983 οῦτω

56 1021 156 1087 τοῦτο
188 1014 453 1110 ἀπεργαζόμενος
483 1022 554 1100 πως
587 1016 629 1088 οῦ
661 1017 717 1088 διά
748 1022 807 1106 τῆς
834 1017 988 1107 ἀφανοῦς
1015 1021 1070 1088 καὶ

57 1121 238 1212 ἀσωμάτου
273 1117 381 1212 πάντη
418 1127 475 1195 καὶ
511 1131 609 1206 θείας
644 1127 699 1194 καί
736 1129 889 1214 καθαρᾶς
925 1128 963 1194 έν
999 1138 1071 1206 ταῖς

17 1254 44 1293 10
57 1226 188 1299 ἀκτῖσιν
217 1231 396 1320 ἱδρυμένης
424 1228 542 1312 οὐσίας
569 1232 653 1312 ἕλξει
675 1232 732 1300 καί
750 1228 863 1311 ἀνάξει
890 1230 948 1312 τάς
974 1228 1069 1300 εύτυ-
1131 1258 1150 1271 ²

57 1351 124 1424 χεῐς
151 1336 275 1423 ψυχάςς
304 1334 432 1405 ούκοῦν
460 1334 572 1425 ἐπειδή
590 1338 740 1425 πέφηνεν
768 1342 894 1406 οίκεϊον
921 1337 983 1424 μὲν
1000 1350 1105 1418 τοίςθ

57 1452 152 1522 θεοῖς
178 1441 216 1510 τὸ
245 1445 317 1530 φύς
344 1446 444 1511 τοῦτο
463 1444 607 1523 καὶτοῖς
634 1439 825 1531 ἀναχθῆναι
853 1443 1070 1529 σπεύδουσιν,

58 1545 192 1628 αῦξεται
224 1548 261 1616 δὲ
293 1551 330 1616 έν
361 1552 406 1640 τῷ
445 1545 524 1638 παρ’
563 1535 649 1636 ήμίν
680 1549 793 1641 κόσμφ
829 1546 867 1617 τδ
904 1551 1071 1635 τοιοῦτον,

59 1650 145 1720 ὥστε
172 1651 256 1722 εἶναι
283 1652 345 1742 τήν
371 1650 498 1744 ἡμέραν
516 1661 614 1742 μείζω
641 1657 700 1741 τῆς
721 1654 853 1738 νυκτός,
877 1650 992 1722 Ἡλίου
1010 1656 1071 1722 τοῦ

18 1782 44 1822 15
58 1759 221 1846 βασιλέως
257 1760 515 1851 ἐπιπορεύεσθαι
545 1759 607 1829 τὸν
643 1758 740 1849 κριὸν
778 1756 980 1847 ἀρξαμένου·
1017 1759 1070 1827 δέ·

59 1869 185 1933 δεικται
220 1867 276 1934 καὶ
312 1863 491 1953 ἀναγωγὸν
527 1866 627 1953 φύσει
658 1864 696 1934 τὸ
728 1868 797 1933 τῶν
832 1861 977 1932 ἀκτίνων
1009 1867 1071 1933 τοῦ

57 1973 143 2040 θεοῦ
172 1971 229 2039 διά
256 1999 290 2041 τε
307 1975 366 2060 τής
393 1975 543 2062 φανεράς
561 1974 729 2061 ἐνεργείας
747 1971 802 2039 καὶ
821 1973 880 2057 τῆς
907 1967 1070 2056 ἀφανοῦς,

58 2073 119 2164 ὑφ’
149 2067 190 2165 ής
216 2087 426 2166 παμπληθεῖς
445 2076 643 2166 ἀνήχθησαν
661 2077 764 2163 ψυχαὶ
792 2078 860 2143 τῦν
879 2074 1071 2161 αίσθήσεων

58 2179 333 2270 ἀκολουθήσασαι
363 2186 404 2273 τῇ
436 2182 607 2272 φανοτάτη
638 2183 694 2251 καί
726 2181 867 2269 μάλιστα
903 2176 1113 2267 ήλιοειδεί.Ι)

19 2311 44 2352 εν
58 2287 120 2376 τήν
147 2287 213 2380 γάρ
240 2288 399 2378 τοιαύτην
426 2293 494 2358 τῶν
526 2288 684 2378 ὀμμάτων
711 2296 873 2375 αίσθησιν
900 2283 962 2356 οῦκ
990 2283 1071 2373 ἀγα-

57 2393 168 2482 πητήν
194 2394 302 2482 μόνον
330 2393 410 2465 οῦδὲ
437 2395 600 2484 χρήσιμον
627 2399 675 2475 είς
701 2392 761 2463 τὸν
788 2398 880 2483 βίον,
908 2390 990 2462 ἀλλά
1013 2394 1068 2462 καί

57 2499 143 2591 πρὸς
171 2508 297 2588 σοφίαν
325 2497 452 2588 ὁδηγὸν
479 2497 497 2570 ὁ
521 2501 696 2588 δαιμόνιος
723 2497 895 2588 ἀνύμνησε
918 2498 1071 2567 Πλάτων.

58 2612 90 2674 εί
121 2607 159 2676 δὲ
189 2609 246 2675 καί
278 2611 335 2697 τῆς
367 2605 515 2699 ἀρρήτου
552 2613 787 2694 μυσταγωγίας
824 2601 989 2693 ἀγαίμην,
1028 2601 1071 2691 ήν

59 2707 77 2781 ό
115 2718 285 2794 Χαλδαῖος
320 2715 396 2802 περὶ
430 2710 491 2782 τόν
527 2713 703 2782 ἑπτάκτινα
739 2710 825 2780 θεὸν
862 2710 1071 2799 ἐβάκχευσεν,

17 2840 43 2880 25
59 2815 197 2905 ἀνάγων
234 2815 281 2888 δι’
315 2817 421 2889 αὐτοῦ
457 2816 517 2900 τάς
552 2817 674 2906 ψυχάς,
712 2815 866 2902 ἀγνωστα
898 2819 979 2906 ἐροῦ,
1015 2815 1071 2883 καὶ

58 2924 147 3011 μάλα
179 2952 216 3012 γε
248 2922 404 3011 ἀγνωστα
434 2928 480 3017 τῷ
513 2926 683 3015 συρφετῷ,
719 2934 901 3012 θεουργοίς
933 2920 971 2990 δὲ
997 2933 1123 3000 τοίςιῖε

57 3037 234 3120 μακαρίοις
260 3030 423 3122 γνώριμα·
452 3031 568 3121 διόπερ
597 3027 682 3099 αύτά
710 3028 865 3116 σιωπήσω
893 3029 1008 3094 τανῦν.

132 3134 236 3228 Ὅπερ
264 3137 303 3206 δὲ
329 3143 456 3224 ἔλεγον,
485 3134 534 3206 ότι
553 3134 688 3207 καὶτὸν
714 3132 833 3223 καιρὸν
852 3129 915 3200 οῦκ
942 3128 1072 3217 ἀλόγως

127 3380 143 3428 2
160 3371 258 3430 πάντα
276 3375 312 3445 V]
332 3368 448 3429 ἅπαντα
476 3376 480 3436 Ι
505 3373 720 3440 προσκαλεῖται]
738 3373 927 3439 προκαλεῖται
944 3373 971 3422 Η
1040 3373 1072 3421 13

58 3439 91 3497 τὸ
115 3444 233 3497 τοιοῦτο
256 3447 281 3496 V
367 3447 398 3498 16
423 3441 485 3512 καί]
510 3439 670 3508 δὲκαλλί,
694 3443 765 3508 quod
788 3441 883 3492 nescio
907 3456 942 3490 an
965 3432 1072 3506 δήκαὶ
1140 3488 1143 3494 ,

60 3513 237 3564 scribendum
257 3515 294 3564 sit
362 3516 397 3564 24
414 3507 554 3566 ἔπάκτινα
572 3526 658 3576 marg.
676 3516 734 3577 pet.
