2446 3870
278 898 552 972 ΙΟΤΛΙΑΝΟΥ
577 883 971 972 ᾹΤΤΟΚΡΑΤΟΡΟΣ

350 1035 412 1086 En:
430 1037 507 1086 ΤΗΝ
527 1035 679 1086 ωΗνυΡΑ
697 1034 772 1086 νοω
789 1034 899 1090 οταν.

192 1185 272 1282 Ἀρά
300 1220 337 1279 γε
364 1192 426 1281 χρή
454 1192 559 1280 φάναι
591 1194 647 1262 καὶ
674 1189 759 1281 ὑπὲρ
786 1193 931 1276 τοῦτων;
963 1194 1019 1263 καὶ
1046 1190 1131 1284 ὑπὲρ

115 1303 184 1367 των
220 1295 374 1388 ἀρρήτων
410 1298 582 1387 γράψομεν
618 1299 675 1368 καὶ
709 1297 751 1367 τά
788 1296 962 1380 άνέξοιστα
997 1301 1054 1368 καὶ
1090 1298 1132 1368 τά

64 1402 326 1493 169άνεαλάλητα
353 1404 590 1493 ἕκλαλήσομεν;
617 1411 668 1486 τίς
694 1404 756 1493 μὲν
784 1401 930 1487 δ”Αττις
952 1403 1026 1494 ήτοι
1046 1405 1158 1501 Γάλ-,ε

116 1520 182 1597 λος,
210 1518 260 1592 τίς
288 1511 326 1579 δὲ
352 1507 373 1599 ή
399 1514 468 1579 τῶν
494 1514 588 1581 θεῶν
615 1510 753 1600 Μήτηρ,
780 1513 837 1581 καὶ
864 1507 882 1581 ὃ
910 1515 969 1599 τής
996 1509 1132 1598 ἁγνείας

115 1619 256 1705 ταυτησὶ
281 1617 405 1706 τρόπος
424 1613 548 1704 ὁποῖος,
576 1619 632 1687 καὶ
649 1618 785 1706 προσέτι
803 1621 865 1685 τοῦ
888 1618 987 1706 χάριν
1005 1615 1131 1687 οὑτωσὶ

115 1726 266 1804 τοιοῦτος
293 1719 374 1812 ήμῖν
400 1725 434 1805 ἐξ
461 1720 565 1812 άρχής
594 1729 808 1812 αατεθείχθη,
835 1726 1041 1813 παραδοθεὶς
1068 1723 1131 1812 μὲν

115 1824 181 1898 ὑπὸ
209 1831 278 1899 νῦν
305 1827 532 1918 άρχαιοτάτων
551 1833 708 1920 Φρυγῶν,
735 1832 959 1920 παραὸεχθεὶς
977 1829 1014 1898 δὲ
1040 1832 1130 1919 πρῶ-

114 1963 175 2005 τον
206 1931 267 2024 ὑφ’
298 1932 480 2025 Ἑλλήνων,
507 1939 563 2006 καὶ
590 1937 719 2006 τούτων
747 1934 789 2006 οῦ
817 1936 913 2026 (τῶν)
945 1936 1128 2023 τυχόντων,
1145 1966 1170 2004 10

115 2039 186 2111 ἄλλ’
214 2040 419 2130 Ἀθηναίων,
447 2049 557 2133 ἔργοις
585 2045 829 2131 διθαχθέντων,
862 2040 913 2110 ότι
945 2041 989 2130 μή
1023 2046 1141 2123 καλῶς

115 2148 292 2216 ἐτωθασαν
328 2151 381 2217 ἐπὶ
413 2152 459 2240 τῷ
490 2152 642 2217 τελοῦντι
678 2148 718 2217 τά
756 2147 853 2239 ὄργια
884 2151 942 2237 τής
973 2149 1129 2237 Μητρός;

113 2253 266 2338 λέγονται
303 2252 367 2342 γάρ
404 2246 498 2323 οῦτοι
529 2260 743 2344 περιυβρίσαι
778 2256 834 2324 καὶ
871 2252 1032 2323 ἀπελάσαι
1068 2253 1129 2323 τὸν

78 2371 101 2424 Β
117 2358 246 2427 Γάλλον
266 2353 310 2438 ὡς
328 2357 368 2426 τά
386 2369 465 2428 θεῖα
482 2363 757 2448 καινοτομοῦντα,
777 2358 819 2429 οὐ
837 2362 990 2442 ξυνόντες
1008 2356 1130 2429 ὁποῖόν

113 2490 145 2530 τι
172 2466 231 2550 τής
257 2467 344 2533 θεοῦ
370 2463 408 2533 τὸ
435 2468 545 2554 χρήμα
571 2468 627 2534 καὶ
656 2463 700 2547 ως
729 2463 750 2555 ή
778 2464 856 2556 παρ’
887 2464 1002 2547 αὐτοῖς
1028 2493 1127 2555 τιμω-
1144 2496 1169 2536 15

113 2570 195 2657 μόνη
224 2567 307 2658 Δηώ
334 2573 391 2638 καὶ
415 2566 486 2640 Ῥέα
513 2573 568 2640 καὶ
586 2572 758 2662 Δημήτηρ.
800 2571 869 2641 εἶτα
888 2576 985 2660 μήνις
1008 2570 1045 2641 τὸ
1074 2575 1128 2640 ἐν·

113 2677 236 2744 τεῦθεν
262 2679 320 2764 τής
346 2680 432 2746 θεοῦ
458 2679 515 2747 καὶ
541 2684 705 2771 θεραπεία
736 2681 795 2767 τής
821 2679 969 2767 μήνιθος.
1014 2673 1035 2767 ή
1064 2677 1129 2767 γάρ

114 2785 150 2850 ἐν
177 2785 259 2850 πάσι
285 2797 355 2863 τοῖς
382 2792 496 2866 καλοῖς
523 2780 656 2873 ήγεμών
683 2788 846 2874 γενομένη
869 2800 940 2866 τοῖς
959 2782 1127 2872 Ἕλλησιν,

113 2885 133 2975 ή
165 2891 227 2957 τοῦ
258 2895 398 2959 Πυθίου
430 2891 612 2979 πρόμαντις
643 2893 743 2978 θεοῦ,
772 2890 862 2981 (τήν)
895 2894 953 2979 τής
989 2889 1129 2979 Μητρὸς

112 2997 181 3063 τῶν
207 2998 300 3063 θεῶν
331 2998 433 3085 μήνιν
465 2998 636 3066 ἐκέλευσεν
669 2996 878 3066 ἱλάσκεσθαι·
911 2997 967 3066 καὶ
995 2993 1169 3084 ἀνέστησα

112 3106 233 3188 φασίν,
265 3102 319 3169 ἐπὶ
349 3103 457 3196 τούτω
488 3101 526 3171 τὸ
560 3106 729 3196 μητρῷον,
763 3095 805 3172 οῦ
836 3119 906 3186 τοῖς
934 3099 1128 3191 Ἀθηναίοις

180 3275 332 3351 Ιλοῦτωσὶ]
351 3279 472 3337 οῦτοσὶῖ
559 3289 591 3337 10
612 3284 669 3338 τῶν
687 3287 751 3342 add.
770 3287 798 3337 Η
867 3290 899 3338 17
921 3285 972 3353 τῆς
994 3284 1070 3337 θεοῦ
1089 3284 1127 3352 Η]
1172 3336 1179 3351 ,

112 3347 162 3402 τοῦ
185 3349 258 3401 θεοῦ
329 3355 360 3403 18
375 3342 511 3420 Ἕλλησιν
533 3349 573 3421 Η]
590 3343 710 3419 Ἕλλησι
781 3358 812 3406 19
835 3346 888 3422 τήν
913 3355 975 3405 add.
998 3354 1025 3403 H
1095 3356 1125 3402 21

112 3416 204 3480 φασίν
223 3414 261 3476 Η]
281 3418 358 3480 φασί
397 3458 399 3462 .
