2446 3870
512 156 710 211 ossfflow.
986 123 1048 233 ‚J
1070 121 1079 138 ‘

104 283 203 350 παντὶ
230 280 291 370 τὴν
319 285 476 351 ἐναντίαν
504 284 724 372 φερομένους·
765 282 771 304 '

104 385 187 477 πρὸς
213 387 295 469 τοὺς
328 386 450 469 ἀλλους
482 385 646 477 ὑπεροχῆς
678 386 785 458 αὐτοῦ

105 491 122 563 ὁ
155 493 285 575 κλεινὸς
314 492 550 584 Ἀριστοτέλης·
584 491 667 563 ἀλλὰ
699 496 755 563 καὶ
786 494 877 585 παρά
909 499 976 564 τῶν
1009 494 1120 566 ἀλλων

103 604 232 689 νοερῶν
250 604 344 669 θεῶν
363 597 426 670 οὐκ
450 598 599 690 ἀμυδραὶ
617 601 828 690 καθήκουσιν
848 608 895 682 είς
913 601 972 670 τὸν
992 603 1119 690 κόσμον

75 707 201 776 ετόνδε
229 708 397 795 δννάμεις.
442 705 512 775 εἶτα
534 714 570 775 τί
593 710 708 789 τοῦπος
737 707 781 796 μή
808 707 873 797 γὰρ
901 706 1119 797 ἀποκλείομεν

100 811 188 899 τοὺς,
202 811 323 895 ἀλλους
341 812 448 905 τούτῳ
467 810 529 901 τήν
548 809 732 901 ἡγεμονίαν
751 810 994 902 ὁμολογοῦντες
1022 815 1116 883 δεδό-

102 930 200 1002 σθαι;
228 917 315 989 πολὺ
344 919 381 989 δὲ
400 921 500 989 πλέον
528 922 564 988 ἐκ
582 922 650 987 τῶν
677 922 838 1007 ἐμφανῶν
856 917 1014 1008 ἀξιοῦμεν
1032 916 1117 1009 ὑπὲρ

101 1029 171 1094 τῶν
199 1023 341 1112 ἀφανῶν
368 1026 543 1095 πιστεύειν.
585 1023 696 1114 ῶσπερ
723 1023 787 1113 γὰρ
815 1024 873 1106 τὰς
900 1029 1117 1114 ἐνδιδομένας

103 1129 228 1201 ἀπασιν
256 1135 387 1201 ἐκεῖθεν
406 1132 565 1219 δυνάμεις
593 1137 641 1213 είς
663 1129 724 1220 τήν
742 1135 807 1219 μήν
835 1123 934 1212 οὗτος
962 1139 1152 1220 φαίνεταιῦ

62 1267 89 1306 10
102 1241 346 1328 τελεσιονρμῶν
368 1240 424 1308 καὶ
443 1238 661 1327 συναρμόζων
679 1237 762 1327 πρός
788 1266 823 1307 τε
852 1237 973 1307 ἑαυτὸν
1001 1242 1055 1307 καὶ
1079 1239 1116 1308 τὸ

39 1407 41 1411 .
102 1348 185 1431 πᾶν,
219 1341 306 1413 οὕτω
336 1342 377 1434 δὴ
410 1346 587 1433 νομιστέον
614 1346 670 1413 καὶ
697 1347 734 1412 έν
766 1359 836 1424 τοῖς
863 1342 1029 1432 ἀφανέσιν
1057 1343 1116 1414 αό-

103 1454 172 1519 τῶν
197 1450 256 1532 τὰς
283 1457 467 1531 συνουσίας
494 1457 580 1539 ἔχειν
599 1448 682 1540 πρὸς
710 1447 863 1539 ἀλλήλας,
890 1447 1038 1540 ἡγεμόνα
1056 1452 1117 1541 μὲν

103 1559 245 1645 ἐκείνην,
274 1557 523 1646 συμφωνοόσας
542 1556 579 1625 δὲ
605 1556 689 1646 πρὸς
707 1554 813 1644 αὐτήν
840 1555 899 1638 τὰς
922 1555 1022 1638 ἀλλας
1041 1556 1116 1647 ἅμα.

104 1664 175 1732 ἐπεὶ
202 1671 272 1750 καί,
305 1669 336 1732 εί
361 1666 465 1751 μέσον
497 1669 625 1751 ἔφαμεν
657 1666 693 1731 ἐν
721 1665 834 1750 μέσοις
866 1667 1029 1752 ίδρῦσθαι
1056 1663 1116 1732 τὸν

61 1795 88 1835 15
102 1766 189 1838 θεόν
212 1783 285 1857 τοῖς
312 1785 442 1859 νοεροῖς
460 1780 565 1856 θεοῖς,
593 1769 723 1857 ποταπή
751 1765 838 1856 τιςή
867 1770 1007 1856 μεσότης
1027 1771 1116 1839 ἐστὶν

4 1943 6 1947 .
103 1867 151 1944 ῶν
185 1867 229 1943 αὖ
260 1873 321 1964 χρὴ
353 1878 457 1964 μέσον
489 1871 593 1945 αὐτὸν
627 1871 826 1960 ὑπολαβεῖν,
860 1872 961 1955 αὐτὸς
988 1870 1068 1963 ήμίν
1097 1871 1114 1943 ὁ

102 1979 261 2071 βασιλεὺς
288 1987 393 2051 εἰπεῖν
412 1979 527 2062 Ἥλιος
546 1986 631 2070 δοίη.
677 1980 840 2068 μεσότητα
864 1981 924 2067 μὲν
943 1980 986 2067 δή
1006 2007 1116 2068 φαμεν

102 2085 144 2157 οὐ
177 2086 239 2176 τήν
272 2090 309 2156 έν
339 2103 409 2169 τοῖς
446 2091 611 2169 ἐναντίοις
642 2086 884 2174 θεωρουμένην
922 2095 998 2155 λ’σον
1035 2083 1151 2173 ἀφε-Ι)

64 2211 66 2215 ’
102 2197 236 2263 στῶσαν
262 2197 330 2263 τῶν
358 2193 485 2282 ἀκρον,
519 2188 593 2263 οἷον
621 2194 673 2262 ἐπὶ
706 2191 890 2281 χραμάτων
916 2190 953 2261 τὸ
987 2191 1117 2273 ξανθὸν

58 2296 123 2388 νοή
148 2299 266 2388 φαιόν,
295 2302 348 2368 ἐπὶ
367 2299 404 2369 δὲ
430 2303 561 2389 θερμοῦ
588 2302 644 2368 καὶ
662 2300 794 2388 ψυχροῦ
821 2296 859 2367 τδ
888 2298 1036 2387 χλιαρόν,
1060 2301 1115 2367 καλ

101 2404 165 2475 ὅσα
188 2409 344 2493 τοιαῦτα,
372 2403 455 2475 ἀλλά
482 2405 545 2493 τὴν
564 2402 725 2494 ἑνωτικήν
752 2406 807 2473 καὶ
835 2406 1053 2491 συνάγουσαν
1076 2402 1116 2473 τὰ

102 2514 273 2599 διεστῶτα,
302 2509 423 2581 ὁποίαν
450 2512 525 2581 τινά
554 2533 660 2600 φησιν
684 2509 905 2599 Ἐμπεδοκλῆς
922 2511 985 2599 τὴν
1013 2507 1115 2601 ἀρμο-

87 2625 181 2699 Υνιάν
210 2619 364 2707 έξορίζοιν
392 2614 496 2706 αὐτῆς
523 2621 692 2700 παντελῶς
718 2614 755 2686 τὸ
784 2632 902 2698 νεῖκος.
948 2625 1023 2686 τίνα
1053 2609 1117 2687 οὖν

100 2726 202 2811 ἐστιν,
231 2721 252 2793 ἃ
272 2725 421 2811 συνάγει,
449 2726 505 2793 καὶ
523 2731 627 2794 τίνων
656 2726 724 2793 ἐστὶ
743 2725 856 2810 μέσος;
885 2726 971 2812 φημὶ
991 2723 1032 2810 δή
1053 2714 1116 2793 οὖν

57 2857 86 2898 25
101 2827 154 2899 ὅτι
180 2834 250 2898 τῶν
276 2857 312 2899 τε
339 2833 500 2918 ἐμφανῶν
526 2832 582 2899 καὶ
600 2835 823 2919 περικοσμίων
850 2833 942 2898 θεῶν
960 2832 1025 2898 καί
1048 2832 1116 2897 τῶν

101 2932 216 3005 ἀόλων
248 2939 303 3005 καλ
336 2939 482 3024 νοητῶν,
515 2942 551 3005 οδ
580 2938 656 3025 περὶ
683 2933 834 3022 τάγαθόν
867 2940 966 3021 εἰσιν,
1000 2932 1168 3023 ῶσπερ139

99 3045 449 3131 πολυπλασιαζομένης
476 3039 616 3124 ἀπαθῶς
643 3043 699 3111 καὶ
727 3040 809 3110 ἀνὲυ
836 3041 1031 3130 προσθήκης
1058 3044 1116 3129 τῆς

100 3152 223 3236 νοητής
250 3151 306 3217 καὶ
334 3156 430 3229 θείας
450 3145 575 3229 οὐσίας.
614 3145 658 3230 ῶς
677 3148 737 3236 μὲν
762 3137 825 3214 οὖν
849 3149 918 3214 ἐστι
946 3148 1028 3233 μέση
1056 3174 1115 3233 τις,

168 3323 184 3370 5
207 3309 394 3385 ἀποκλὲωμεν
412 3322 437 3371 V
518 3323 551 3370 14
575 3315 603 3370 εἰ
624 3314 711 3385 μέσον
734 3316 886 3379 MbEFG‚
911 3311 952 3396 εἰς
975 3311 1064 3380 μέσον
1080 3318 1114 3394 y,

99 3381 189 3453 μέσον
212 3403 231 3436 v
301 3389 333 3437 16
347 3392 375 3437 et
388 3389 419 3437 17
443 3380 458 3437 ό
483 3380 617 3454 βασιλεδς
641 3381 735 3437 εἰπεῖν
754 3381 787 3450 V]
813 3379 908 3435 εἰπεῖν
931 3401 946 3435 ο
969 3382 1113 3448 βασιλευς.

99 3455 174 3505 Idem
193 3461 237 3506 est
259 3454 405 3505 verborum
427 3455 492 3505 ordo
513 3455 595 3505 14οΑ
665 3456 697 3503 19
721 3447 768 3503 ε’πλ
787 3447 941 3518 χρωμάτων
958 3449 1033 3518 libri]
1055 3445 1115 3503 ἐστι

99 3517 257 3588 χρωμάτων
310 3525 343 3574 28
361 3515 400 3582 ῶς
416 3517 471 3587 μὲν
489 3519 641 3586 VMbEG]
663 3511 756 3585 ῶσπερ
772 3517 775 3583 Ι
796 3517 866 3586 μέση
879 3538 922 3580 τις
940 3518 973 3585 V]
993 3513 1115 3586 μεσότης

851 3604 908 3660 Ὠ*
