2416 3864
457 183 593 233 οεινεο
612 182 688 232 v111.
1007 182 1070 247 323

52 308 119 399 γάρ
153 307 242 389 είκός
273 307 381 396 ἄνδρα
419 308 540 378 ἑαυτὸν
577 311 797 398 ἐπιτρέψαντα
829 314 874 402 τῷ
907 318 1071 399 κρείττονι

52 415 267 485 παντάπασιν
295 412 504 503 ἀμεληθῆναι
532 417 587 483 καὶ
611 419 875 502 καταλειφθῆναι
904 421 1072 500 παντελῶς

53 528 194 611 ἔρημον·
229 518 301 589 ἀλλ’
332 517 439 591 αὐτοῦ
466 522 522 589 καὶ
551 518 565 589 t‘
596 520 676 603 θεὸς
703 538 796 611 χεῖρα
824 521 884 610 ἑὴν
910 517 1111 612 ῦπερέσχεΒ

54 630 111 697 καί
138 627 268 716 θάρσος
295 632 415 695 δίδωσι
442 629 498 695 καί
517 629 617 715 μένος
639 631 758 717 έμπνεί
781 627 900 697 καὶτὰ
927 632 1072 717 πρακτέα

26 741 194 820 ετίθησιν
228 734 280 802 ε’πί
308 736 394 801 νοῦν
425 734 481 802 καὶ
508 736 577 802 τῶν
608 732 652 822 μὴ
681 736 854 834 πρακτέων
881 732 1071 822 ἀφίστησιν.

55 839 167 909 εἵπετό
189 867 250 911 [τοι
283 841 338 907 καί
366 840 539 929 Σωκράτει
572 845 730 928 δαιμονία
763 838 860 927 φωνὴ
894 841 1071 910 κωλύουσα
1122 837 1126 850 ’

54 946 212 1033 πράττειν
245 943 307 1014 ὅσα
344 944 388 1034 μὴ
420 944 528 1035 χρεων
560 937 615 1033 ἦν·
655 948 738 1033 φησὶ
771 945 808 1014 δὲ
845 949 900 1014 καὶ
925 945 1072 1034 Ὅμηρος

54 1049 140 1140 ῦπὲρ
172 1049 352 1139 Ἀχιλλέως·
389 1056 441 1142 Τῷ
470 1051 533 1139 γάρ
566 1053 619 1120 ἐπὶ
647 1054 745 1141 φρεσὶ
777 1055 898 1140 θῆκεν,
933 1049 978 1132 ὦς
1009 1057 1072 1122 τοῦ

55 1161 142 1227 θεοῦ
175 1160 231 1225 καί
262 1156 321 1238 τάς
354 1159 485 1238 έννοίας
515 1154 612 1247 ἡμῶν
644 1161 846 1247 ἐγείροντος,
884 1156 966 1227 ὅταν
1002 1162 1070 1228 ἐπι·
1177 1180 1184 1192 “

13 1295 41 1334 ιο
56 1266 200 1353 στρέψας
228 1260 347 1344 ὁνοῦς
374 1269 422 1345 εἰς
440 1262 562 1333 ἑαυτὸν
590 1261 679 1357 αὐτῷ
707 1291 741 1333 τε
764 1264 928 1353 πρότερον
956 1268 1070 1352 ξυγγέ-

54 1398 153 1458 νηται
189 1371 245 1437 καὶ
276 1373 322 1462 τῷ
358 1373 429 1461 θεῷ
462 1368 507 1438 δι’
543 1373 665 1439 ἑαυτοῦ
701 1370 824 1459 μόνου,
860 1372 1072 1460 κωλυόμενος

54 1473 115 1544 ὑπ’
144 1472 295 1556 οὐδενός.
342 1473 384 1544 οῦ
411 1474 475 1565 γάρ
504 1473 606 1564 ἀκοῆς
633 1473 651 1545 ὁ
679 1480 763 1557 νοῦς
790 1482 894 1545 δεῖται
922 1475 1005 1567 πρὸς
1032 1478 1110 1547 cbo
1189 1517 1194 1542 ι

55 1593 181 1670 μαθεῖν
214 1579 295 1650 οὐδὲ
327 1579 393 1670 μὴν
427 1579 445 1651 ὁ
478 1580 559 1663 θεὸς
595 1587 712 1669 φωνῆς
747 1581 831 1671 πρὸς
862 1583 900 1650 τὸ
938 1583 1071 1664 διδάξαι

54 1688 96 1756 τά
124 1690 257 1756 δέοντα·
284 1684 358 1757 ἄλλ’
388 1689 578 1777 αἰσθήσεως
596 1691 656 1769 ἔξω
676 1689 783 1776 πάσης
801 1685 866 1757 άπὸ
886 1692 947 1756 τοῦ
965 1696 1070 1778 κρείτ·
1091 1750 1092 1753 ,

14 1824 42 1866 15
55 1821 155 1876 τονος
181 1790 202 1881 ἡ
235 1801 395 1881 μετουσία
426 1801 554 1881 γίνεται
581 1797 627 1886 τῷ
655 1797 717 1886 νῷ·
749 1801 825 1862 τίνα
857 1794 917 1880 μὲν
945 1795 1071 1884 τρόπον

55 1903 112 1970 καὶ
140 1898 230 1981 ὅπως
258 1898 299 1968 οῦ
328 1899 429 1989 σχολὴ
458 1904 524 1970 νῦν
552 1902 723 1986 ἐπεξιέναι,
750 1899 787 1968 τὸ
808 1896 839 1967 δ’
871 1897 921 1967 ὅτι
944 1907 1071 1986 γίνεται

55 2010 155 2094 δῆλοι
182 2008 238 2075 καὶ
257 2020 375 2094 σαφεῖς
394 2011 430 2076 οί
454 2007 626 2096 μάρτυρες,
655 2004 716 2075 οῦκ
735 2004 854 2087 ἄδοξοί
878 2032 966 2086 τινες
993 2003 1068 2075 οὐδ’

56 2117 94 2182 ἐν
120 2115 162 2202 τῇ
190 2112 377 2201 Μεγαρέων
409 2111 496 2194 ἄξιοι
528 2112 705 2182 τάττεσθαι
733 2117 858 2201 μερίδι,
892 2108 976 2180 άλλά
1002 2115 1113 2180 τ’ωυλ)

14 2244 16 2248 ·
56 2217 335 2307 άπενεγκαμένων
362 2221 415 2287 έπί
443 2225 548 2310 σοφία
574 2216 615 2288 τὰ
637 2222 761 2308 πρῶτα.
803 2214 929 2287 οῦκοῦν
957 2217 1070 2307 ἐπειδὴ

14 2353 41 2397 ιο
54 2323 118 2416 χρὴ
151 2329 346 2415 προσδοκᾶν
377 2326 433 2396 καὶ
464 2323 550 2394 θεὸν
581 2321 661 2413 ἡμῖν
697 2325 902 2414 παρέσεσθαι
939 2325 1072 2405 πάντως
1166 2418 1171 2429 x

54 2434 112 2502 καί
139 2427 226 2521 ἡμᾶς
243 2428 369 2512 αῦτοῦς
387 2427 502 2513 αῦτοίς
520 2433 733 2517 συνέσεσθαι,
760 2429 798 2500 τὸ
817 2437 894 2499 λίαν
912 2431 1071 2520 δυσχερές

55 2537 258 2628 ἀφαιρετέον
285 2540 354 2606 ἐστὶ
386 2540 445 2625 τῆς
476 2537 590 2624 λύπης.
636 2539 707 2606 ἐπεὶ
734 2540 790 2606 καὶ
821 2535 883 2606 τὸν
908 2534 1071 2606 Ὀδυσσέα

56 2646 164 2733 μόνον
192 2646 229 2712 έν
256 2647 295 2732 τῇ
322 2644 414 2736 νήσῳ
446 2645 690 2733 καθειργμένον
723 2641 804 2711 ἑπτά
835 2642 915 2724 τοὺς
946 2643 1072 2724 πάντας

57 2749 248 2836 ένιαυτοός,
281 2747 340 2818 εἶτ’
375 2747 600 2840 ὀδυρόμενον,
631 2752 689 2835 τῆς
720 2747 782 2837 μὲν
814 2747 915 2837 άλλης
947 2751 1071 2839 ἐπαινῶ

21 2885 44 2927 ιτ
57 2863 251 2948 καρτερίας,
291 2860 358 2924 τῶν
398 2856 539 2946 θρήνων
580 2855 618 2924 δὲ
655 2851 717 2923 οῦκ
754 2852 887 2942 άγαμαι.
932 2861 968 2921 τί
1002 2851 1124 2942 γάρκσο

58 2958 180 3051 ὄφελος
211 2961 338 3032 πόντον
364 2959 416 3032 ἐπ’
447 2961 626 3050 ἰχθυόεντα
654 2963 834 3048 δέρκεσθαι
865 2961 921 3027 καὶ
948 2965 1071 3045 λείβειν

59 3071 205 3159 δάκρυα;
233 3066 271 3137 τὸ
300 3068 337 3136 δὲ
364 3067 408 3156 μὴ
436 3069 601 3155 προέσθαι
624 3063 703 3155 μηδ’
734 3064 962 3151 ἀπαγορεῦσαι
989 3063 1073 3153 πρὸς
1133 3117 1136 3122 ,

126 3288 142 3335 3
161 3275 243 3334 ῦ.,..
250 3297 282 3348 χε
300 3284 324 3332 V
343 3275 496 3348 (ὑπερέσχε
517 3283 656 3347 expletum
676 3281 731 3330 alia
749 3278 851 3341 manu).
889 3279 985 3329 Sumta
1004 3279 1073 3329 haec

59 3358 123 3403 sunt
142 3368 177 3401 ex
195 3347 274 3401 Iliad.
293 3368 312 3411 ι,
329 3352 380 3400 420
449 3347 521 3418 θεῷ
539 3343 645 3416 γὰρ-
663 3343 772 3413 θῆκεν]
791 3345 871 3400 Iliad.
890 3363 917 3412 α,
938 3349 970 3396 55
1041 3348 1071 3395 12

59 3411 92 3470 οῦ
112 3412 168 3501 χεὶρ
186 3415 226 3482 Μ]
252 3409 591 3548 οόδέιχοὶρ.,ἃὲΝουμνοΙχχι]
608 3415 712 3534 &affe
729 3415 796 3533 1χιχοο
816 3411 1073 3533 οτρρτρχὶχνῗμχᾶεε

59 3487 235 3620 δέρῦῦόόῦῦλς
249 3551 346 3616 Οδγει.
368 3500 443 3616 εἴυ84
476 3501 544 3602 ‘mvl
561 3499 797 3616 προέσθαιμίΜ]
815 3514 964 3617 πρόεοθαι

813 3634 870 3691 Ἃ*

1075 3532 1194 3761 λ
