2414 3862
402 154 607 207 τεεουοιαιι
626 157 667 207 τι.
686 158 726 207 τε.
1011 152 1074 216 603

536 353 596 412 οη.

147 467 328 555 Πηγόσιον
355 465 449 554 ἡμεῖς
482 464 596 535 ούποτ’
626 462 670 535 όιν
699 465 912 554 προσήκαμευ
940 467 1072 554 ῥᾳδίως,

57 580 89 643 εί
119 572 163 661 μὴ
198 577 313 660 σαφύς
345 575 583 659 ἐπεπείσμεθα,
620 570 672 641 ὅτι
702 573 758 640 καὶ
790 571 954 660 πρότερον
986 569 1072 638 εἶναι

57 684 170 749 δοκῶν
201 668 271 747 τῶν
297 685 487 747 Γαλιλαίων
518 680 695 757 ἐπίσκοπος
726 675 884 764 ἠπίστατο
914 680 1072 764 σέβεσθαι

27 789 112 856 τκαὶ
149 789 250 873 τιμόιν
281 783 361 864 τοὺς
391 784 503 864 θεούς.
555 781 617 852 ούκ
649 781 755 870 οάιοὴν
786 783 851 870 ἐγώ
884 804 937 853 σοι
969 787 1073 850 ταύτα

55 891 252 979 ἀπαγγέλλω
276 894 344 990 τῶν
366 890 450 977 πρὸς
469 896 598 979 ἔχθραν
615 891 671 959 καὶ
690 896 807 977 φιλίαν
825 892 935 977 λέγειν
954 889 1072 959 είωθό-
1145 878 1147 881 ¹

55 1025 138 1086 των,
176 998 245 1065 ἐπεὶ
278 997 335 1065 καὶ
367 998 440 1083 ἐμοὶ
472 996 562 1064 πάνυ
594 994 830 1084 διετεθρύλητο
862 996 903 1064 τδι
934 1001 1072 1065 τοιαῦτα

56 1105 133 1191 περὶ
170 1100 291 1187 αὐτού,
327 1103 382 1170 καὶ
415 1103 500 1190 (ναὶ)
535 1100 581 1189 μὰ
612 1101 691 1182 τοὺς
722 1099 825 1198 θεοὺς
843 1100 953 1194 ’ᾤμην
984 1101 1071 1170 οὕτω

56 1212 178 1297 χρῆναι
212 1222 323 1295 μισεῖν
355 1205 461 1287 αὐτόν
492 1205 538 1287 τός
570 1204 694 1276 ούδένα
725 1212 794 1276 τῶν
825 1207 1072 1297 πονηροτάτων.
1125 1219 1128 1223 ’

14 1351 41 1390 10
57 1316 127 1384 ἐπεὶ
160 1313 198 1382 δὲ
228 1315 365 1400 κληθεὶς
397 1319 444 1394 είς
470 1313 507 1383 τὸ
537 1313 763 1402 στρατόπεδον
789 1312 854 1383 ὑπὸ
882 1318 944 1385 τοῦ
970 1341 1073 1402 μακα-

56 1427 153 1517 ρίτου
167 1426 410 1488 Κωυσταυτίου
431 1420 558 1506 ταύτην
581 1420 789 1509 ἐπορευόμην
811 1422 874 1509 τὴν
893 1419 985 1505 ὁδόν,
1008 1419 1071 1489 ἀπὸ

55 1531 115 1614 τῆς
141 1524 458 1618 Τρῳάδοςόρθρου
480 1527 606 1611 βαθέος
629 1526 809 1606 διαναστὰς
831 1517 942 1614 ἦλθον
964 1532 1012 1606 είς
1033 1527 1070 1596 τὸ

46 1632 156 1701 Ἴλιον
186 1632 261 1718 περὶ
293 1630 493 1717 πλήθουσαν
525 1629 663 1721 ιἰγορύν.
710 1630 727 1700 ὁ
757 1632 795 1699 δὲ
821 1629 990 1719 ὑπήντησε
1017 1635 1071 1700 καὶ

56 1741 252 1831 βουλομένω
280 1737 343 1826 τὴν
370 1738 469 1807 πόλιν
498 1743 644 1826 ἱστορεῖν
667 1768 709 1787 ’-
732 1730 777 1825 ἦν
803 1737 867 1826 γάρ
891 1765 949 1825 μοι
971 1742 1071 1807 τοῦτο

14 1879 41 1920 15
56 1844 232 1934 πρόσχημα
259 1849 321 1913 τού
347 1848 470 1931 φοιτᾶν
498 1849 545 1924 είς
573 1844 614 1911 τὰ
643 1843 715 1932 ῖερό
745 1885 782 1894 -
807 1843 1007 1933 περιηγητής
1037 1871 1072 1912 τε

57 1952 186 2038 ἐγένετο
223 1953 278 2022 καὶ
316 1951 494 2038 ἐξευύγησέ
528 1977 568 2038 με
600 1955 779 2038 πανταχοῦ.
824 1949 925 2018 όκουε
954 1955 1072 2018 τοίνυν

56 2063 138 2145 ἔργα
161 2059 216 2127 καὶ
239 2059 377 2145 λόγους,
401 2053 460 2143 ἀφ’
487 2049 536 2125 οἷν
559 2055 602 2124 όν
624 2084 673 2136 τις
697 2051 943 2124 είκοίσειενούκ
965 2053 1072 2142 ιἰγυιό·

56 2162 145 2251 μονα
168 2164 208 2232 τδι
231 2164 314 2254 πρὸς
336 2162 415 2242 τοὺς
436 2162 540 2242 θεούς
563 2161 676 2230 αὐτόν.

140 2268 273 2361 Ἡρῷόυ
311 2272 401 2336 ἐστιν
425 2267 598 2357 Ἕκτορος,
636 2267 721 2337 όπου
757 2272 900 2355 χαλκοῦς
935 2269 1071 2354 ἕστηκεν

15 2409 43 2449 εο
56 2373 196 2465 ιἰνδριδις
220 2376 257 2443 ἐν
279 2381 406 2466 ναΐσκφ
429 2381 554 2469 βραχεῖ.
580 2372 688 2466 τούτῳ
711 2375 772 2443 τὸν
794 2375 899 2463 μέγαν
918 2371 1071 2461 ἀντέστη-

57 2502 121 2550 σαν
145 2481 293 2569 Ἀχιλλέα
319 2478 403 2549 κατδι
429 2479 466 2548 τὸ
490 2478 670 2568 ύπαιθρον.
717 2487 748 2549 εί
768 2481 829 2550 τὸν
850 2481 1072 2555 τόπονὲθεύ-

57 2608 122 2675 σω,
155 2593 325 2675 γνωρίζοις
352 2585 527 2673 δήπουθεν
550 2583 569 2655 δ
592 2589 686 2677 λέγω.
727 2587 790 2675 τὴν
813 2588 875 2675 μὲν
898 2581 961 2656 οὖν
985 2593 1072 2658 ίστο-

54 2829 135 2889 πίοις
154 2829 287 2880 excidisse
306 2833 373 2894 puto
392 2831 452 2886 τοῖς
472 2819 577 2892 λόγοις.
606 2829 845 2879 Hercherus'vero
865 2829 981 2879 coniecit
997 2822 1015 2891 ἠ
1037 2823 1070 2879 δὲ

55 2890 150 2962 ἡμέρα
168 2888 288 2962 καθαροὶ
307 2896 451 2961 καθαροῖς
469 2898 545 2953 τοῖς
564 2888 674 2961 ἱεροῖς
695 2895 760 2956 (non
778 2896 839 2954 τοῖς
856 2909 887 2944 τε
907 2889 1010 2959 ίεροῖς,
1039 2901 1071 2945 ut

55 2967 85 3016 in
102 2966 206 3015 Herma
223 2980 313 3015 errore
331 2963 444 3028 legitur)
463 2959 511 3013 καλ
529 2965 590 3020 τοῖς
608 2953 763 3027 ὀλυμπίοις
781 2953 949 3013 ἀνακείσθω
967 2961 1051 3021 θεοῖς

125 3036 140 3082 1
163 3033 245 3082 Hanc
267 3031 412 3097 epistolam
430 3030 460 3084 O.
479 3029 651 3094 Henningius
671 3027 715 3091 (=
726 3028 826 3092 Henn.)
851 3045 865 3079 e
890 3029 983 3080 codice
1001 3030 1071 3079 Har·

55 3099 150 3156 leiano
168 3096 214 3164 (ε
225 3099 313 3161 Harl.)
337 3099 441 3163 primus
460 3095 554 3148 edidit.
590 3096 650 3147 Vid.
670 3096 760 3161 Praef.
780 3096 840 3147 Vol.
859 3097 894 3147 11.
968 3087 1071 3162 4ἠπί-

55 3181 143 3221 στατο
160 3165 262 3232 Henn.]
281 3158 425 3219 ύπέστατο
443 3165 520 3216 Harl,
537 3163 542 3230 Ι
557 3160 698 3231 σέβεσθαι
715 3160 819 3230 Hem]
838 3159 978 3215 σεύεσθαι
992 3163 1070 3216 Harl.

55 3225 262 3300 δύπαγγὲλλω
280 3232 381 3300 Hem]
406 3225 558 3298 ἆπαγγέλω
576 3232 655 3283 Harl.
688 3231 692 3297 Ι
726 3229 829 3297 φιλίαν
846 3228 946 3296 Henn.]
967 3231 1071 3297 φιλίαν

54 3301 150 3354 ταῦτα
168 3303 247 3353 Harl.
334 3304 349 3351 '1
377 3296 589 3367 διετεθρύλητο
607 3297 712 3367 Hem]
744 3294 974 3367 διατεθρύλλητο
992 3297 1071 3349 Harl.

54 3368 141 3422 8υαλ
159 3371 220 3420 add.
239 3369 267 3418 H
345 3370 375 3418 11
399 3369 604 3422 Κωνσταντίου
621 3365 721 3433 Ηοοο.]
751 3364 976 3420 Κωνσταυτίνου
993 3366 1070 3415 Harl.

55 3439 88 3488 13
107 3431 263 3556 ύπτχυτησί
276 3453 325 3503 μοι
344 3433 394 3487 καὶ
412 3438 439 3486 Η
502 3441 535 3489 20
553 3428 866 3504 τούτῳ-ἀντέστησαν
883 3431 986 3501 Hem]
1007 3428 1072 3484 τού-

54 3520 147 3562 του-
169 3519 277 3569 στησαν
295 3503 374 3555 Harl.
