2414 3862
409 167 612 222 εειεεοαεε
631 171 672 223 ιο.
691 171 732 221 61.
1010 169 1072 234 581

1 346 3 349 -
58 303 184 389 τάτοις,
216 302 326 392 ὥσπερ
358 302 434 373 τινά
460 308 615 373 Μουσῶν
642 303 842 393 λιποτάκτην
869 304 970 392 ἕλάν,
1004 303 1075 373 εἶτα

58 424 129 489 τοῖς
160 414 208 489 είς
222 416 403 499 .τιμωρίαν
434 406 575 499 ἀρκοῦσι
607 411 787 485 παιδεύων,
832 411 964 491 πάντως
994 409 1075 480 οὐδὲ

58 516 151 585 ἀκων
173 513 403 603 ἀποστήσομαι
425 515 488 603 τὴν
511 520 624 604 δίκην,
652 514 724 585 ἀλλ’
750 516 836 585 έκώυ
860 516 901 605 δὴ
925 518 982 584 καὶ
1005 523 1074 605 χαί-

59 650 145 711 ρων,
181 619 292 709 ὥσπερ
324 618 459 708 ἀγαθοῦ
489 621 614 712 πατρὸς
645 623 883 709 ἐπανόρθωσιν
912 625 1074 711 προμηθῆ

30 731 122 816 ικαὶ,
137 728 312 819 σωτήριον.
358 734 390 797 εί
411 727 477 816 (δὲ)
505 728 548 816 δή
576 756 633 816 μοι
660 730 715 798 καὶ
743 727 813 797 κατ’
839 733 986 817 ἐμαυτοῦ
1012 728 1123 816 τηνιοο

56 843 171 925 κρίσιν
193 839 324 917 ἐθέλοις
345 839 518 905 πιστεύσαι
541 837 597 904 καὶ
621 840 751 924 διδοίης
769 838 916 923 ἐνεγκεῖν
934 833 978 924 ἣν
996 837 1115 924 βοά-Ο
1197 839 1203 848 ’

56 951 174 1030 λομαι,
207 941 369 1030 ἐμαυτόν,
399 933 425 1010 ὦ
448 956 597 1027 γενναῖε,
627 945 672 1033 τῷ
697 945 743 1034 σῷ
767 949 951 1033 χιτωνίσκῳ
974 963 1077 1030 προσ-

56 1049 180 1136 άψαιμι
204 1045 248 1118 ἀν
269 1047 391 1137 ἡδέως,
421 1051 479 1117 ’ίνα
502 1068 566 1117 σου
587 1048 670 1116 κατὰ
693 1048 800 1135 μηδὲν
822 1046 1077 1139 ἀπολειποίμην,

14 1234 17 1237 .
56 1151 144 1222 ἀλλά
172 1161 312 1242 συνείην
340 1152 391 1223 ἀεὶ
414 1155 470 1223 καὶ
491 1158 642 1241 πανταχῆ
664 1160 934 1244 προσφεροίμην,
966 1155 1076 1248 ὥσπερ

1 1284 46 1324 ιο
58 1257 120 1340 οὓς
147 1264 183 1328 οί
207 1264 312 1348 μῦθοι
342 1265 474 1349 διφυεῖς
496 1258 701 1348 ἀνθρώπους
722 1261 933 1332 πλάττουσιν.
979 1264 1076 1352 εἰμὴ

55 1365 192 1436 κάκεῖνο
211 1372 248 1436 οί
263 1371 369 1455 μῦθοι
388 1368 524 1453 λέγουσι
539 1366 600 1454 μὲν
617 1365 662 1446 ὡς
674 1375 854 1454 παίζοντες,
873 1373 1077 1441 αἰνίττονται

57 1475 96 1544 δὲ
119 1480 167 1554 είς
188 1480 225 1543 τδ
251 1479 309 1562 τῆς
332 1480 447 1561 φιλίας
469 1475 652 1562 ἐξαίρετον,
683 1474 722 1554 ἐν
749 1478 795 1566 τῷ
818 1478 877 1562 τῆς
897 1483 1078 1556 κοινωνίας

57 1575 169 1672 δεσμῷ
200 1608 238 1650 το
275 1578 320 1650 δι’
354 1581 511 1669 ἑκατέρου
541 1579 739 1669 τῆςῖφυχῆς
770 1577 928 1667 ὁμογενὲς
960 1583 1119 1669 ἐμφαί-Ι)

57 1714 184 1767 νοντες.
928 1741 932 1746 1

3 1887 41 1928 15
397 1948 399 1950 q
420 1862 477 1944 ξά.
526 1865 583 1954 Τῷ
608 1859 721 1952 αὐτῷ.

143 2004 290 2094 Ἶκανδχν·
306 2003 460 2093 ὁμολογεῖ
487 2007 545 2092 της
568 2007 629 2091 σῆς
651 2001 855 2083 ἀπολείψεως
878 2003 1075 2072 ἐκτετικέναι

59 2118 159 2200 δίκην
182 2110 224 2182 ού
247 2111 355 2200 μόνον
379 2108 429 2191 οἷς
451 2108 540 2198 παρὰ
562 2108 625 2198 τὴν
648 2108 839 2198 ἀποδημίαν
861 2114 1096 2200 συνηνέχθην

58 2216 227 2308 ἀνιαροῖς,
258 2215 341 2286 ἀλλὰ
369 2216 433 2304 γὰρ
461 2216 516 2283 καὶ
544 2213 633 2308 αύτῷ
656 2215 763 2307 τούτῳ
787 2216 904 2301 πλέον,
937 2215 987 2284 ὅτι
1011 2238 1128 2288 σου449

55 2324 117 2394 τόν
158 2327 322 2394 τοσούτου
360 2320 569 2409 ἀπελείφθην
606 2321 747 2410 χρόνον,
793 2327 901 2395 καίτοι
936 2331 1075 2405 πολλαῖς

15 2463 44 2502 ιο
58 2433 114 2500 καὶ
137 2438 303 2511 ποικίλαις
324 2432 496 2516 πανταχοῦ
518 2429 725 2517 χρησάμενος
746 2428 876 2516 τύχαις,
901 2425 946 2510 ὥς
968 2433 1123 2521 μηδὲνιει

57 2538 239 2629 ἀπείρατον
271 2544 472 2606 καταλιπεῖν.
523 2533 607 2605 ἀλλά
637 2538 693 2606 καί
720 2538 875 2624 πολέμων
902 2539 1076 2627 θορύβους

55 2646 112 2714 καὶ
135 2651 329 2735 πολιορκίας
352 2641 503 2729 ἀνάγκην
520 2644 575 2711 καὶ
595 2647 704 2730 φυγῆς
722 2644 853 2732 πλάνην
872 2647 927 2712 καὶ
946 2646 1075 2732 φόβους

57 2759 254 2841 παντοίους,
291 2757 338 2820 ἔτι
377 2750 414 2819 δὲ
451 2749 625 2837 χειμώνων
656 2749 844 2840 ὑπερβολάς
874 2752 929 2818 καὶ
962 2751 1075 2820 νόσων

56 2860 239 2940 κινδύνους
266 2860 321 2927 καὶ
349 2857 409 2938 τάς
436 2859 471 2925 ἐκ
494 2862 690 2936 Παννονίας
716 2861 774 2945 τῆς
801 2856 871 2926 ἀνω
895 2859 991 2945 μέχρι
1013 2865 1075 2926 τὀύ

17 2968 142 3037 εικατά
174 2966 235 3036 τὸν
263 2963 501 3114 Καλχηδόνιον
527 2960 684 3051 πορθμὸν
712 2961 855 3031 διάπλου
881 2968 1003 3050 μυρίας
1030 2967 1072 3051 δη

130 3186 142 3233 1
172 3176 348 3266 λιποτάκτην
367 3179 462 3238 Hreh.]
490 3170 682 3244 λειποιάκτην
762 3181 778 3228 2
800 3177 961 3230 παίδευσον
979 3180 1045 3230 Rsk

57 3247 129 3308 οόδε
147 3247 188 3318 Η]
209 3243 276 3303 οότε
346 3251 362 3299 ὁ
385 3241 418 3298 δὲ
441 3245 502 3297 add.
523 3245 589 3296 Rsk.
609 3249 637 3295 et
654 3244 739 3300 Hrch
808 3244 925 3297 ῖδιδοί
924 3264 958 3324 ης
975 3247 1058 3298 Hrch.

57 3322 147 3379 δίδως
226 3321 257 3369 17
288 3309 475 3393 συνηνέχθην
498 3303 631 3379 ἀνιαροῖς
656 3313 810 3364 Vaticanus
834 3265 942 3380 1353]⁷1
941 3304 1074 3381 ἀνιαροῖς
1159 3374 1160 3378 ¹

56 3372 1073 3530 wfflgfflvff1331wfflozltnovVflassyledolsvgvxggffugxtvat2⁰Koe2631

55 3455 224 3586 §331ssth
243 3451 431 3585 Ιάαλχηάόάος
449 3517 512 3568 Pet.
532 3515 628 3582 spanh.
695 3466 710 3516 ρ
1023 3465 1073 3516 χ
