2422 3862
142 144 207 212 496
445 145 857 203 ιοιιεαιικεκεενοκιε

143 304 225 349 των·
267 281 461 371 ἐθεασάμην
496 285 561 374 γάρ
594 288 650 355 καὶ
682 285 783 366 αὐτὸς
813 287 971 353 τοιοῦτον
1004 277 1161 366 σήμερον.

145 388 291 476 δένδρον
319 387 384 478 γάρ
411 389 506 484 ᾤμην
532 388 668 480 ὑψηλὸν
695 398 733 462 έν
754 420 822 462 τινι
844 395 1004 480 τρικλίνῳ
1029 384 1161 472 σφόδρα

143 493 276 585 μεγάλῳ
299 499 551 585 πεφυτευμένων
574 504 621 579 είς
644 504 769 587 ἔδαφος
791 499 915 587 ῥέπειν,
940 496 1007 580 [ἐν]
1027 496 1069 583 τή
1093 494 1161 580 ρίζη

144 602 420 689 παραπεφικιότος
443 604 559 693 ἑτέρου
579 609 701 695 μικροῦ
718 606 774 673 καὶ
793 603 982 689 νεογενοῦς,
1007 595 1162 688 ἀνθηροῦ

145 711 231 775 λίαν.
276 707 340 794 ἐγὼ
369 710 407 779 δὲ
429 712 504 799 περί
526 715 588 780 τοῦ
610 714 733 799 μικροῦ
756 708 890 797 σφόδρα
911 704 1091 795 ήγωνίων,
1120 703 1181 793 μήν

104 829 131 870 ²³
144 838 195 893 τις
217 810 298 885 αὐτὸ
323 814 404 902 μετά
424 821 487 886 τοῦ
509 817 656 906 μεγάλου
679 814 932 903 συναποσπάση.
964 813 1023 881 καὶ
1045 817 1160 881 τοίνυν

104 919 259 1008 (λέπειδή
286 929 430 1009 πλησίον
458 923 638 1013 ἐγενόμην,
668 921 737 1012 ὁρῶ
764 921 802 991 τὸ
832 922 915 1010 μέγα
943 919 1008 1007 μὲν
1031 919 1086 988 έπλ
1108 923 1160 1005 τῆς
1196 914 1205 934 “

145 1029 206 1112 γής
229 1028 461 1117 ἐκτεταμένον,
492 1028 529 1098 τὸ
554 1027 675 1118 μικρὸν
699 1029 736 1099 δέ
755 1026 865 1117 ὀρθὸν
888 1027 965 1115 μέν,
994 1028 1160 1115 μετέωρον

147 1131 184 1200 δέ
207 1129 272 1202 άπὸ
296 1138 365 1222 γής.
410 1132 456 1215 ὦς
479 1127 542 1204 οῦν
566 1133 675 1222 εἶδον,
703 1132 894 1223 ἀγωνιάσας
916 1137 1019 1219 ἔφην·
1052 1136 1160 1218 ,,οῗου

146 1238 310 1327 δένδρου]
345 1240 506 1320 κίνδυνός
533 1242 602 1310 ἐστι
629 1241 714 1329 μηδὲ
736 1240 799 1329 τήν
820 1237 1029 1329 παραφυάδα
1053 1242 1190 1326 σωθή-κ]

146 1349 238 1414 ναι.“
283 1352 343 1414 καί
370 1373 421 1428 τις
448 1344 559 1435 άγνιδς
587 1347 661 1436 ἐμοὶ
680 1351 857 1429 ,παντελῶς
880 1344 996 1434 ,ξὈρα,
1028 1350 1160 1434 ἔφησεν,

146 1447 291 1540 ἀκριβῶς
313 1452 369 1521 καὶ
387 1452 521 1542 θάρρει·
544 1457 584 1539 τῦ
587 1482 603 1534 ς
626 1456 716 1542 ῥίζης
738 1453 802 1542 γάρ
821 1454 859 1520 ἐν
875 1455 916 1540 τή
935 1453 978 1540 γή
998 1451 1160 1539 μενούσης

145 1556 183 1626 τὸ
202 1558 401 1649 μικρότερον
418 1557 561 1647 άβλαβές
579 1564 732 1648 διαμενεῖ
747 1561 802 1628 καὶ
819 1556 1037 1646 βεβαιότερον
1053 1560 1159 1646 ίδρνν·

102 1665 324 1753 Βθήσεταιίζ.
368 1666 409 1735 τά
439 1666 501 1755 μὲν
529 1666 571 1754 δή
599 1670 668 1736 τῶν
695 1663 880 1755 ὀνειράτων
901 1666 1059 1750 τοιαῦτα,
1087 1661 1160 1742 θεὸς

146 1772 184 1841 δέ
212 1769 305 1841 οίδεν
333 1777 380 1853 είς
407 1771 473 1858 ῦ,τι
496 1773 599 1862 φέρει.
644 1772 719 1860 περὶ
747 1771 785 1840 δέ
811 1774 874 1840 τοῦ
895 1773 1022 1858 μιαροῦ
1046 1768 1186 1859 άνδρο·15

145 1877 254 1966 γύνον
282 1876 425 1967 μάθοιμ’
451 1875 495 1948 ἂν
521 1877 628 1967 ήδέως
650 1880 775 1964 ἐκεῖνο,
805 1876 884 1946 πότε
908 1877 1070 1963 διελέχθη
1093 1875 1158 1963 περὶ

146 1987 229 2074 ἐμοῦ
255 1989 374 2073 ταῦτα,
405 1985 549 2074 πότερον
575 1986 656 2074 πρὶν
683 1980 705 2073 ἢ
733 1995 910 2072 συντυχεῖν
937 1983 1014 2071 ἐμοὶ
1041 1979 1065 2071 ή
1089 1979 1159 2070 μετὰ

145 2096 254 2161 τοῦτο.
301 2091 457 2180 δήλωσον
485 2083 548 2160 οὖν
575 2089 657 2180 ήμίν
679 2089 746 2176 ὅ,τι
769 2085 813 2159 άν
836 2085 907 2169 οἷός
928 2115 964 2157 τε
987 2081 1037 2180 ᾖς.
1084 2087 1158 2174 ὑπὲρ

147 2198 185 2268 δέ
212 2201 281 2266 νῦν
306 2197 391 2288 πρὸς
413 2194 519 2266 αὐτὸν
542 2206 656 2265 ίσασιν
678 2193 730 2264 ὅτι
752 2194 925 2281 πολλάκις,
957 2192 1068 2264 αῦτοῦ
1091 2194 1159 2272 τοὺς

147 2304 352 2392 ἐπαρχιύτας
383 2301 620 2391 ἀδικήσαντος,
656 2301 827 2389 ἐσιώπησα
853 2299 943 2389 παρά
970 2300 1009 2369 τὸ
1039 2306 1183 2391 πρέπονλ

62 2410 64 2413 ’
147 2412 293 2501 ἐμαυτῷ,
324 2408 365 2477 τὰ
392 2408 455 2497 μὲν
479 2407 541 2479 ούκ
563 2405 714 2494 άκούων,
745 2405 786 2476 τά
810 2406 848 2476 δέ
872 2405 914 2476 ού
935 2410 1158 2498 προσιέμενος,

147 2515 261 2595 άλλοις
288 2514 326 2584 δέ
353 2512 515 2604 άπιστοῦν,
547 2520 621 2584 ένια
648 2515 687 2583 δὲ
714 2518 761 2594 είς
782 2512 862 2595 τοῦς
884 2515 1055 2597 συνόντας
1078 2513 1157 2606 αύτῷ

92 2623 285 2727 οφῦτρέπων.
321 2619 373 2690 ὅτι
397 2625 437 2692 δέ
457 2648 515 2711 μοι
536 2622 741 2709 μεταδοῦναι
763 2623 822 2707 τής
843 2621 1002 2709 τοιαύτης
1022 2620 1158 2710 ήξίωσεν

90 2762 106 2792 ε
145 2729 321 2818 αἰσχύνης,
353 2725 551 2807 άποστείλας
582 2728 624 2796 τὰ
653 2723 757 2814 μιαρά
785 2725 841 2794 καὶ
868 2726 978 2815 πάσης
1005 2728 1158 2817 αἰσχύνης
1209 2798 1210 2803 ,

146 2837 221 2920 άξια
243 2834 482 2924 ὑπομνήματα,
503 2839 539 2902 τί
558 2860 599 2922 με
621 2832 778 2921 πράττειν
801 2833 917 2920 ἐχρήν;
944 2825 1014 2921 ἆρα
1035 2836 1183 2903 σιωπιῖν25
1209 2861 1210 2908 ;

213 3011 328 3097 λήμην
346 3029 425 3074 mart.
445 3020 470 3088 1]
491 3013 592 3093 ςῦόμην
607 3020 612 3087 1
628 3018 778 3088 τρικλείνω
795 3019 982 3088 erg.Gen.
1026 3017 1156 3088 δόέπειν
1208 3023 1210 3048 ³

145 3095 170 3142 V
187 3109 228 3144 mr
250 3132 255 3144 .
274 3089 353 3159 θεά]
373 3087 461 3159 ρέπον
483 3089 487 3156 Ι
514 3083 545 3142 ἐν
563 3091 681 3142 inclusit
698 3089 725 3138 Η
796 3092 827 3141 13
846 3087 985 3157 διαμενεῖ
998 3095 1080 3146 mart.
1098 3084 1154 3156 ρει]

146 3160 218 3227 διαμ
235 3176 280 3213 νει
350 3163 383 3211 15
401 3164 430 3209 et
448 3161 480 3210 16
503 3154 571 3223 περί
588 3156 640 3210 τοῦ
659 3151 766 3223 μιαροῦ
786 3147 816 3208 δ’
836 3147 1024 3223 άνδρογύνοο
1044 3156 1156 3228 Sintenig

152 3219 359 3297 Ιάνδρογύνον
378 3214 413 3279 οῦ
431 3219 561 3293 μάθοιμ’
584 3226 609 3277 V
678 3225 710 3275 17
727 3219 796 3290 πρίν
815 3212 844 3291 ή]
867 3221 938 3291 πρίν
955 3225 1044 3276 Ηεολι.
1076 3225 1082 3291 Ι
1111 3239 1156 3275 τοο
1205 3234 1208 3269 a

146 3299 301 3362 συντυχεῖν
317 3295 453 3361 Vspanh.
501 3297 534 3346 18
552 3288 622 3361 ύμῖν
641 3307 783 3359 operarum
800 3307 891 3345 errore
904 3296 958 3359 pet.
1004 3295 1037 3345 19
1056 3286 1156 3353 ἴσασιν]
1206 3296 1208 3360 3¹

146 3363 211 3417 ἴσθι
229 3362 328 3427 Hrch.‚
359 3362 455 3415 ίσαοιν
473 3357 504 3414 οί
519 3359 589 3415 θεοί
606 3360 725 3426 Hester,
748 3356 815 3424 περὶ
832 3352 926 3414 αύτὸν
943 3358 1047 3413 πολλοὶ
1066 3360 1155 3414 ίσαοιτ
1190 3386 1192 3390 ⁴

145 3432 213 3483 Rsk.
247 3431 321 3481 Fert.
344 3430 490 3498 legendum
514 3429 611 3483 ἴσασιν
635 3424 665 3482 οί
681 3423 750 3480 θεολ
767 3421 890 3493 πάντες,
916 3435 948 3479 ut
965 3429 1054 3482 2851)
1076 3425 1156 3482 3521>
1204 3484 1206 3503 ξ

0 3508 1 3511 ’
34 3565 35 3569 ¹
143 3499 230 3551 453ss
283 3487 332 3548 ‘21
352 3490 480 3570 ἐμαυτῷ]
500 3490 532 3549 ἐν
550 3487 674 3567 αῦτῷῗ
