<?xml version="1.0" encoding="UTF-8"?>
<!DOCTYPE html PUBLIC "-//W3C//DTD XHTML 1.0 Transitional//EN"
    "http://www.w3.org/TR/xhtml1/DTD/xhtml1-transitional.dtd">
<html xmlns="http://www.w3.org/1999/xhtml" xml:lang="en" lang="en">
 <head>
  <title>
</title>
<meta http-equiv="Content-Type" content="text/html;charset=utf-8" />
  <meta name='ocr-system' content='tesseract 3.04.00' />
  <meta name='ocr-capabilities' content='ocr_page ocr_carea ocr_par ocr_line ocrx_word'/>
</head>
<body>
  <div class='ocr_page' id='page_1' title='image "./iulianiimperato01juligoog_0203.png"; bbox 0 0 2446 3870; ppageno 0'>
   <div class='ocr_carea' id='block_1_1' title="bbox 159 151 869 218">
    <p class='ocr_par' dir='ltr' id='par_1_1' title="bbox 159 151 869 218">
     <span class='ocr_line' id='line_1_1' title="bbox 159 151 869 218; baseline -0.008 -11"><span class='ocrx_word' id='word_1_1' title='bbox 159 153 220 218; x_wconf 81' lang='grc'><em>190</em></span> <span class='ocrx_word' id='word_1_2' title='bbox 457 153 599 205; x_wconf 83' lang='lat' dir='ltr'><strong>IULIANI</strong></span> <span class='ocrx_word' id='word_1_3' title='bbox 623 151 869 203; x_wconf 81' lang='lat' dir='ltr'><strong>IMPERATORIS</strong></span> 
     </span>
    </p>
   </div>
   <div class='ocr_carea' id='block_1_2' title="bbox 106 276 1212 3474">
    <p class='ocr_par' dir='ltr' id='par_1_2' title="bbox 121 276 1197 792">
     <span class='ocr_line' id='line_1_2' title="bbox 121 276 1169 370; baseline 0.001 -24"><span class='ocrx_word' id='word_1_4' title='bbox 121 277 222 350; x_wconf 81' lang='grc' dir='ltr'><em>Οάπὸ</em></span> <span class='ocrx_word' id='word_1_5' title='bbox 251 283 318 348; x_wconf 76' lang='grc' dir='ltr'><em>τῶν</em></span> <span class='ocrx_word' id='word_1_6' title='bbox 345 276 489 367; x_wconf 79' lang='grc' dir='ltr'><em>άφανῶυ</em></span> <span class='ocrx_word' id='word_1_7' title='bbox 515 277 555 346; x_wconf 83' lang='grc' dir='ltr'><em>τά</em></span> <span class='ocrx_word' id='word_1_8' title='bbox 583 277 713 367; x_wconf 86' lang='grc' dir='ltr'><em>φανερά</em></span> <span class='ocrx_word' id='word_1_9' title='bbox 739 277 898 366; x_wconf 78' lang='grc' dir='ltr'><em>βουλήσει</em></span> <span class='ocrx_word' id='word_1_10' title='bbox 920 282 1000 368; x_wconf 78' lang='grc' dir='ltr'><em>δείηι</em></span> <span class='ocrx_word' id='word_1_11' title='bbox 1026 276 1128 346; x_wconf 76' lang='grc' dir='ltr'><em>καῖ’</em></span> <span class='ocrx_word' id='word_1_12' title='bbox 1111 307 1169 370; x_wconf 91' lang='grc' dir='ltr'><em>αρ-</em></span> 
     </span>
     <span class='ocr_line' id='line_1_3' title="bbox 156 381 1170 512; baseline 0 -59"><span class='ocrx_word' id='word_1_13' title='bbox 156 387 244 477; x_wconf 82' lang='grc' dir='ltr'><em>ρήτφ</em></span> <span class='ocrx_word' id='word_1_14' title='bbox 273 386 363 474; x_wconf 87' lang='grc' dir='ltr'><em>τάχει</em></span> <span class='ocrx_word' id='word_1_15' title='bbox 390 387 446 454; x_wconf 85' lang='grc' dir='ltr'><em>καὶ</em></span> <span class='ocrx_word' id='word_1_16' title='bbox 465 383 704 475; x_wconf 77' lang='grc' dir='ltr'><strong><em>ἀνυπερβλήτῳ</em></strong></span> <span class='ocrx_word' id='word_1_17' title='bbox 716 384 874 512; x_wconf 88' lang='grc' dir='ltr'><em>δυνάμει</em></span> <span class='ocrx_word' id='word_1_18' title='bbox 897 383 1006 452; x_wconf 89' lang='grc' dir='ltr'><em>πάντα</em></span> <span class='ocrx_word' id='word_1_19' title='bbox 1034 381 1170 474; x_wconf 79' lang='grc' dir='ltr'><em>άθρόως</em></span> 
     </span>
     <span class='ocr_line' id='line_1_4' title="bbox 157 486 1169 624; baseline 0.001 -64"><span class='ocrx_word' id='word_1_20' title='bbox 157 496 194 561; x_wconf 80' lang='grc' dir='ltr'><em>ἐν</em></span> <span class='ocrx_word' id='word_1_21' title='bbox 224 495 271 583; x_wconf 75' lang='grc' dir='ltr'><em>τῷ</em></span> <span class='ocrx_word' id='word_1_22' title='bbox 304 495 370 560; x_wconf 81' lang='grc' dir='ltr'><em>νῦν</em></span> <span class='ocrx_word' id='word_1_23' title='bbox 402 488 633 579; x_wconf 82' lang='grc' dir='ltr'><em>άπογευνήσας</em></span> <span class='ocrx_word' id='word_1_24' title='bbox 664 490 789 581; x_wconf 80' lang='grc' dir='ltr'><em>χρόνῳ,</em></span> <span class='ocrx_word' id='word_1_25' title='bbox 822 486 1077 624; x_wconf 83' lang='grc' dir='ltr'><em>άπεκληράσατο</em></span> <span class='ocrx_word' id='word_1_26' title='bbox 1106 493 1169 578; x_wconf 71' lang='grc' dir='ltr'><em>μὲν</em></span> 
     </span>
     <span class='ocr_line' id='line_1_5' title="bbox 157 593 1167 687; baseline -0.001 -19.979"><span class='ocrx_word' id='word_1_27' title='bbox 157 595 232 668; x_wconf 81' lang='grc' dir='ltr'><em>οἷον</em></span> <span class='ocrx_word' id='word_1_28' title='bbox 260 599 464 687; x_wconf 80' lang='grc' dir='ltr'><em>οἰκειοτέραν</em></span> <span class='ocrx_word' id='word_1_29' title='bbox 491 599 594 687; x_wconf 80' lang='grc' dir='ltr'><em>έδραν</em></span> <span class='ocrx_word' id='word_1_30' title='bbox 621 624 657 665; x_wconf 90' lang='grc' dir='ltr'><em>το</em></span> <span class='ocrx_word' id='word_1_31' title='bbox 646 594 781 683; x_wconf 80' lang='grc' dir='ltr'><em>μέσον</em></span> <span class='ocrx_word' id='word_1_32' title='bbox 809 593 971 684; x_wconf 80' lang='grc' dir='ltr'><em>οὐρανοῦ,</em></span> <span class='ocrx_word' id='word_1_33' title='bbox 999 600 1055 664; x_wconf 82' lang='grc' dir='ltr'><em>ἵνα</em></span> <span class='ocrx_word' id='word_1_34' title='bbox 1083 621 1167 666; x_wconf 91' lang='grc' dir='ltr'><em>παν-</em></span> 
     </span>
     <span class='ocr_line' id='line_1_6' title="bbox 156 698 1197 792; baseline -0.005 -19"><span class='ocrx_word' id='word_1_35' title='bbox 156 705 302 792; x_wconf 73' lang='grc' dir='ltr'><em>ταχόθεν</em></span> <span class='ocrx_word' id='word_1_36' title='bbox 335 713 391 771; x_wconf 86' lang='grc' dir='ltr'><em>ίσα</em></span> <span class='ocrx_word' id='word_1_37' title='bbox 424 706 563 791; x_wconf 79' lang='grc' dir='ltr'><em>διανέμῃ</em></span> <span class='ocrx_word' id='word_1_38' title='bbox 600 699 733 789; x_wconf 76' lang='grc' dir='ltr'><em>τάγαθά</em></span> <span class='ocrx_word' id='word_1_39' title='bbox 764 716 835 782; x_wconf 87' lang='grc' dir='ltr'><em>τοῖς</em></span> <span class='ocrx_word' id='word_1_40' title='bbox 871 698 929 771; x_wconf 79' lang='grc' dir='ltr'><em>ὑπ’</em></span> <span class='ocrx_word' id='word_1_41' title='bbox 970 699 1077 771; x_wconf 78' lang='grc' dir='ltr'><em>αὐτοῦ</em></span> <span class='ocrx_word' id='word_1_42' title='bbox 1113 706 1197 773; x_wconf 79' lang='grc' dir='ltr'><em>καὶε</em></span> 
     </span>
    </p>

    <p class='ocr_par' dir='ltr' id='par_1_3' title="bbox 114 806 1173 1216">
     <span class='ocr_line' id='line_1_7' title="bbox 114 806 1169 902; baseline 0 -23"><span class='ocrx_word' id='word_1_43' title='bbox 114 820 119 900; x_wconf 84' lang='lat'><strong>}</strong></span> <span class='ocrx_word' id='word_1_44' title='bbox 157 809 223 879; x_wconf 80' lang='grc' dir='ltr'><em>σὺν</em></span> <span class='ocrx_word' id='word_1_45' title='bbox 251 806 341 902; x_wconf 77' lang='grc' dir='ltr'><em>αὐτῷ</em></span> <span class='ocrx_word' id='word_1_46' title='bbox 368 812 573 899; x_wconf 74' lang='grc' dir='ltr'><em>προελθοῦσι</em></span> <span class='ocrx_word' id='word_1_47' title='bbox 599 819 704 894; x_wconf 72' lang='grc' dir='ltr'><em>θεοῖς,</em></span> <span class='ocrx_word' id='word_1_48' title='bbox 732 807 932 897; x_wconf 72' lang='grc' dir='ltr'><em>ἐπιτροπεύῃ</em></span> <span class='ocrx_word' id='word_1_49' title='bbox 955 808 993 876; x_wconf 72' lang='grc' dir='ltr'><em>δέ</em></span> <span class='ocrx_word' id='word_1_50' title='bbox 1010 807 1070 890; x_wconf 87' lang='grc' dir='ltr'><em>τάς</em></span> <span class='ocrx_word' id='word_1_51' title='bbox 1089 809 1169 879; x_wconf 80' lang='grc' dir='ltr'><em>ἑπτά</em></span> 
     </span>
     <span class='ocr_line' id='line_1_8' title="bbox 157 912 1171 1004; baseline -0.001 -19"><span class='ocrx_word' id='word_1_52' title='bbox 157 919 213 986; x_wconf 82' lang='grc' dir='ltr'><em>καὶ</em></span> <span class='ocrx_word' id='word_1_53' title='bbox 244 913 306 1004; x_wconf 82' lang='grc' dir='ltr'><em>τὴν</em></span> <span class='ocrx_word' id='word_1_54' title='bbox 342 912 470 1002; x_wconf 78' lang='grc' dir='ltr'><em>ὀγδόην</em></span> <span class='ocrx_word' id='word_1_55' title='bbox 506 912 657 1004; x_wconf 82' lang='grc' dir='ltr'><em>οὐρανοῦ</em></span> <span class='ocrx_word' id='word_1_56' title='bbox 697 920 941 1003; x_wconf 91' lang='grc' dir='ltr'><em>κυκλοφορίαν,</em></span> <span class='ocrx_word' id='word_1_57' title='bbox 978 915 1101 1003; x_wconf 77' lang='grc' dir='ltr'><em>ἐνάτην</em></span> <span class='ocrx_word' id='word_1_58' title='bbox 1135 942 1171 984; x_wconf 89' lang='grc' dir='ltr'><em>τε</em></span> 
     </span>
     <span class='ocr_line' id='line_1_9' title="bbox 158 1019 1173 1112; baseline 0 -21"><span class='ocrx_word' id='word_1_59' title='bbox 158 1021 250 1110; x_wconf 82' lang='grc' dir='ltr'><em>οἶμαι</em></span> <span class='ocrx_word' id='word_1_60' title='bbox 278 1027 502 1112; x_wconf 79' lang='grc' dir='ltr'><em>δημιουργίαν</em></span> <span class='ocrx_word' id='word_1_61' title='bbox 520 1019 582 1109; x_wconf 80' lang='grc' dir='ltr'><em>τὴν</em></span> <span class='ocrx_word' id='word_1_62' title='bbox 601 1024 638 1089; x_wconf 86' lang='grc' dir='ltr'><em>έν</em></span> <span class='ocrx_word' id='word_1_63' title='bbox 665 1022 792 1108; x_wconf 83' lang='grc' dir='ltr'><em>γενέσει</em></span> <span class='ocrx_word' id='word_1_64' title='bbox 809 1021 865 1089; x_wconf 82' lang='grc' dir='ltr'><em>καὶ</em></span> <span class='ocrx_word' id='word_1_65' title='bbox 894 1023 1016 1111; x_wconf 67' lang='grc' dir='ltr'><em>φθορᾷ»</em></span> <span class='ocrx_word' id='word_1_66' title='bbox 1039 1036 1173 1109; x_wconf 84' lang='grc' dir='ltr'><em>συνεχεῖ</em></span> 
     </span>
     <span class='ocr_line' id='line_1_10' title="bbox 159 1125 1170 1216; baseline -0.001 -19"><span class='ocrx_word' id='word_1_67' title='bbox 159 1134 337 1208; x_wconf 85' lang='grc' dir='ltr'><em>διαιωνίως</em></span> <span class='ocrx_word' id='word_1_68' title='bbox 364 1125 663 1214; x_wconf 79' lang='grc' dir='ltr'><em>ἀνακυκλουμένην</em></span> <span class='ocrx_word' id='word_1_69' title='bbox 689 1128 830 1213; x_wconf 89' lang='grc' dir='ltr'><em>γένεσιν.</em></span> <span class='ocrx_word' id='word_1_70' title='bbox 876 1130 912 1195; x_wconf 86' lang='grc' dir='ltr'><em>οί</em></span> <span class='ocrx_word' id='word_1_71' title='bbox 936 1153 970 1194; x_wconf 88' lang='grc' dir='ltr'><em>τε</em></span> <span class='ocrx_word' id='word_1_72' title='bbox 998 1126 1061 1216; x_wconf 87' lang='grc' dir='ltr'><em>γάρ</em></span> <span class='ocrx_word' id='word_1_73' title='bbox 1089 1127 1170 1196; x_wconf 91' lang='grc' dir='ltr'><em>πλά-</em></span> 
     </span>
    </p>

    <p class='ocr_par' dir='ltr' id='par_1_4' title="bbox 113 1228 1210 2063">
     <span class='ocr_line' id='line_1_11' title="bbox 113 1228 1210 1323; baseline 0 -21"><span class='ocrx_word' id='word_1_74' title='bbox 113 1243 253 1321; x_wconf 79' lang='grc' dir='ltr'><em>Βνητες</em></span> <span class='ocrx_word' id='word_1_75' title='bbox 289 1231 434 1320; x_wconf 75' lang='grc' dir='ltr'><em>εὔδηλον</em></span> <span class='ocrx_word' id='word_1_76' title='bbox 471 1230 522 1301; x_wconf 83' lang='grc' dir='ltr'><em>ότι</em></span> <span class='ocrx_word' id='word_1_77' title='bbox 558 1233 634 1322; x_wconf 81' lang='grc' dir='ltr'><em>περὶ</em></span> <span class='ocrx_word' id='word_1_78' title='bbox 671 1228 777 1300; x_wconf 79' lang='grc' dir='ltr'><em>αὐτὸν</em></span> <span class='ocrx_word' id='word_1_79' title='bbox 813 1232 1008 1322; x_wconf 76' lang='grc' dir='ltr'><em>χορεύοντες</em></span> <span class='ocrx_word' id='word_1_80' title='bbox 1048 1235 1170 1323; x_wconf 90' lang='grc' dir='ltr'><em>μέτρου</em></span> <span class='ocrx_word' id='word_1_81' title='bbox 1184 1258 1210 1296; x_wconf 90' lang='lat'><em>10</em></span> 
     </span>
     <span class='ocr_line' id='line_1_12' title="bbox 158 1335 1169 1428; baseline 0 -20"><span class='ocrx_word' id='word_1_82' title='bbox 158 1347 271 1428; x_wconf 84' lang='grc' dir='ltr'><em>έχουσι</em></span> <span class='ocrx_word' id='word_1_83' title='bbox 298 1341 357 1426; x_wconf 82' lang='grc' dir='ltr'><em>τῆς</em></span> <span class='ocrx_word' id='word_1_84' title='bbox 387 1339 549 1426; x_wconf 85' lang='grc' dir='ltr'><em>κινήσεως</em></span> <span class='ocrx_word' id='word_1_85' title='bbox 575 1335 637 1425; x_wconf 82' lang='grc' dir='ltr'><em>τὴν</em></span> <span class='ocrx_word' id='word_1_86' title='bbox 668 1335 752 1427; x_wconf 88' lang='grc' dir='ltr'><em>πρὸς</em></span> <span class='ocrx_word' id='word_1_87' title='bbox 777 1336 838 1406; x_wconf 88' lang='grc' dir='ltr'><em>τὸν</em></span> <span class='ocrx_word' id='word_1_88' title='bbox 864 1336 950 1407; x_wconf 75' lang='grc' dir='ltr'><em>θεὸν</em></span> <span class='ocrx_word' id='word_1_89' title='bbox 976 1339 1076 1407; x_wconf 90' lang='grc' dir='ltr'><em>τόνδε</em></span> <span class='ocrx_word' id='word_1_90' title='bbox 1102 1367 1169 1412; x_wconf 89' lang='grc' dir='ltr'><em>τοι-</em></span> 
     </span>
     <span class='ocr_line' id='line_1_13' title="bbox 158 1441 1169 1536; baseline -0.001 -22"><span class='ocrx_word' id='word_1_91' title='bbox 158 1445 240 1514; x_wconf 91' lang='grc' dir='ltr'><em>άνδε</em></span> <span class='ocrx_word' id='word_1_92' title='bbox 266 1446 341 1533; x_wconf 82' lang='grc' dir='ltr'><em>περὶ</em></span> <span class='ocrx_word' id='word_1_93' title='bbox 368 1442 408 1512; x_wconf 86' lang='grc' dir='ltr'><em>τά</em></span> <span class='ocrx_word' id='word_1_94' title='bbox 436 1443 584 1532; x_wconf 83' lang='grc' dir='ltr'><em>σχήματα</em></span> <span class='ocrx_word' id='word_1_95' title='bbox 612 1449 825 1531; x_wconf 84' lang='grc' dir='ltr'><em>συμφωνίαν,</em></span> <span class='ocrx_word' id='word_1_96' title='bbox 853 1441 872 1514; x_wconf 84' lang='grc' dir='ltr'><em>ό</em></span> <span class='ocrx_word' id='word_1_97' title='bbox 899 1471 933 1513; x_wconf 89' lang='grc' dir='ltr'><em>τε</em></span> <span class='ocrx_word' id='word_1_98' title='bbox 962 1441 1039 1525; x_wconf 82' lang='grc' dir='ltr'><em>ὅλος</em></span> <span class='ocrx_word' id='word_1_99' title='bbox 1067 1442 1169 1536; x_wconf 84' lang='grc' dir='ltr'><em>οὐρα-</em></span> 
     </span>
     <span class='ocr_line' id='line_1_14' title="bbox 157 1548 1170 1641; baseline 0 -21"><span class='ocrx_word' id='word_1_100' title='bbox 157 1550 217 1632; x_wconf 90' lang='grc' dir='ltr'><em>νὸς</em></span> <span class='ocrx_word' id='word_1_101' title='bbox 253 1548 343 1641; x_wconf 75' lang='grc' dir='ltr'><em>αὐτῷ</em></span> <span class='ocrx_word' id='word_1_102' title='bbox 376 1549 459 1620; x_wconf 86' lang='grc' dir='ltr'><em>κατά</em></span> <span class='ocrx_word' id='word_1_103' title='bbox 495 1551 603 1619; x_wconf 91' lang='grc' dir='ltr'><em>πάντα</em></span> <span class='ocrx_word' id='word_1_104' title='bbox 641 1551 930 1639; x_wconf 83' lang='grc' dir='ltr'><em>σνναρμοζόμενος</em></span> <span class='ocrx_word' id='word_1_105' title='bbox 972 1552 1095 1620; x_wconf 82' lang='grc' dir='ltr'><em>ἑαυτοῦ</em></span> <span class='ocrx_word' id='word_1_106' title='bbox 1131 1550 1170 1620; x_wconf 84' lang='grc' dir='ltr'><em>τὰ</em></span> 
     </span>
     <span class='ocr_line' id='line_1_15' title="bbox 158 1652 1170 1748; baseline 0 -22"><span class='ocrx_word' id='word_1_107' title='bbox 158 1660 239 1748; x_wconf 91' lang='grc' dir='ltr'><em>μέρη</em></span> <span class='ocrx_word' id='word_1_108' title='bbox 267 1660 360 1727; x_wconf 78' lang='grc' dir='ltr'><em>θεάν</em></span> <span class='ocrx_word' id='word_1_109' title='bbox 380 1659 470 1726; x_wconf 81' lang='grc' dir='ltr'><em>ἐστιν</em></span> <span class='ocrx_word' id='word_1_110' title='bbox 496 1658 530 1737; x_wconf 78' lang='grc' dir='ltr'><em>ἐξ</em></span> <span class='ocrx_word' id='word_1_111' title='bbox 553 1652 669 1725; x_wconf 90' lang='grc' dir='ltr'><em>Ἡλίου</em></span> <span class='ocrx_word' id='word_1_112' title='bbox 696 1656 830 1746; x_wconf 84' lang='grc' dir='ltr'><em>πλήρης.</em></span> <span class='ocrx_word' id='word_1_113' title='bbox 868 1663 937 1726; x_wconf 90' lang='grc' dir='ltr'><em>έστι</em></span> <span class='ocrx_word' id='word_1_114' title='bbox 964 1654 1029 1746; x_wconf 84' lang='grc' dir='ltr'><em>γάρ</em></span> <span class='ocrx_word' id='word_1_115' title='bbox 1052 1653 1170 1738; x_wconf 74' lang='grc' dir='ltr'><em>όθεὸς</em></span> 
     </span>
     <span class='ocr_line' id='line_1_16' title="bbox 158 1759 1210 1852; baseline -0.007 -20"><span class='ocrx_word' id='word_1_116' title='bbox 158 1760 216 1832; x_wconf 84' lang='grc' dir='ltr'><em>όδε</em></span> <span class='ocrx_word' id='word_1_117' title='bbox 247 1765 344 1832; x_wconf 89' lang='grc' dir='ltr'><em>πέντε</em></span> <span class='ocrx_word' id='word_1_118' title='bbox 376 1763 437 1851; x_wconf 75' lang='grc' dir='ltr'><em>μέν</em></span> <span class='ocrx_word' id='word_1_119' title='bbox 468 1762 601 1832; x_wconf 80' lang='grc' dir='ltr'><em>κύκλων</em></span> <span class='ocrx_word' id='word_1_120' title='bbox 632 1760 745 1852; x_wconf 84' lang='grc' dir='ltr'><em>άρχων</em></span> <span class='ocrx_word' id='word_1_121' title='bbox 776 1759 848 1831; x_wconf 87' lang='grc' dir='ltr'><em>κατ’</em></span> <span class='ocrx_word' id='word_1_122' title='bbox 888 1759 1052 1852; x_wconf 77' lang='grc' dir='ltr'><em>οὐρανόν,</em></span> <span class='ocrx_word' id='word_1_123' title='bbox 1072 1778 1172 1852; x_wconf 87' lang='grc' dir='ltr'><em>τρεῖς</em></span> <span class='ocrx_word' id='word_1_124' title='bbox 1182 1785 1210 1834; x_wconf 71' lang='grc' dir='ltr'><em>ιε</em></span> 
     </span>
     <span class='ocr_line' id='line_1_17' title="bbox 158 1866 1170 1960; baseline -0.001 -23"><span class='ocrx_word' id='word_1_125' title='bbox 158 1870 195 1937; x_wconf 76' lang='grc' dir='ltr'><em>δὲ</em></span> <span class='ocrx_word' id='word_1_126' title='bbox 223 1873 259 1938; x_wconf 81' lang='grc' dir='ltr'><em>ἐκ</em></span> <span class='ocrx_word' id='word_1_127' title='bbox 286 1869 416 1939; x_wconf 82' lang='grc' dir='ltr'><em>τούτων</em></span> <span class='ocrx_word' id='word_1_128' title='bbox 444 1867 547 1938; x_wconf 77' lang='grc' dir='ltr'><em>ἐπιὼν</em></span> <span class='ocrx_word' id='word_1_129' title='bbox 574 1870 611 1936; x_wconf 82' lang='grc' dir='ltr'><em>έν</em></span> <span class='ocrx_word' id='word_1_130' title='bbox 637 1871 726 1958; x_wconf 81' lang='grc' dir='ltr'><em>τρισὶ</em></span> <span class='ocrx_word' id='word_1_131' title='bbox 748 1883 837 1958; x_wconf 80' lang='grc' dir='ltr'><em>τρεῖς</em></span> <span class='ocrx_word' id='word_1_132' title='bbox 864 1872 966 1960; x_wconf 78' lang='grc' dir='ltr'><em>γεννᾷ</em></span> <span class='ocrx_word' id='word_1_133' title='bbox 993 1866 1051 1949; x_wconf 88' lang='grc' dir='ltr'><em>τάς</em></span> <span class='ocrx_word' id='word_1_134' title='bbox 1078 1868 1170 1959; x_wconf 84' lang='grc' dir='ltr'><em>χάρι-</em></span> 
     </span>
     <span class='ocr_line' id='line_1_18' title="bbox 158 1971 1169 2063; baseline 0.001 -20"><span class='ocrx_word' id='word_1_135' title='bbox 158 1998 227 2058; x_wconf 91' lang='grc' dir='ltr'><em>τας·</em></span> <span class='ocrx_word' id='word_1_136' title='bbox 257 1981 291 2046; x_wconf 88' lang='grc' dir='ltr'><em>οί</em></span> <span class='ocrx_word' id='word_1_137' title='bbox 317 1975 504 2063; x_wconf 81' lang='grc' dir='ltr'><em>λειπόμενοι</em></span> <span class='ocrx_word' id='word_1_138' title='bbox 524 1973 561 2043; x_wconf 71' lang='grc' dir='ltr'><em>δὲ</em></span> <span class='ocrx_word' id='word_1_139' title='bbox 579 1975 723 2062; x_wconf 80' lang='grc' dir='ltr'><em>μεγάλης</em></span> <span class='ocrx_word' id='word_1_140' title='bbox 751 1971 898 2062; x_wconf 90' lang='grc' dir='ltr'><em>άνάγκης</em></span> <span class='ocrx_word' id='word_1_141' title='bbox 921 1976 985 2044; x_wconf 79' lang='grc' dir='ltr'><em>εἰσὶ</em></span> <span class='ocrx_word' id='word_1_142' title='bbox 1013 1974 1169 2061; x_wconf 44' lang='grc' dir='ltr'><em>πλάστιγῖ</em></span> 
     </span>
    </p>

    <p class='ocr_par' dir='ltr' id='par_1_5' title="bbox 106 2077 1209 2594">
     <span class='ocr_line' id='line_1_19' title="bbox 106 2077 1171 2170; baseline 0.003 -25"><span class='ocrx_word' id='word_1_143' title='bbox 106 2097 227 2168; x_wconf 76' lang='grc' dir='ltr'><em>147γες.</em></span> <span class='ocrx_word' id='word_1_144' title='bbox 269 2079 429 2163; x_wconf 84' lang='grc' dir='ltr'><em>άξάνετον</em></span> <span class='ocrx_word' id='word_1_145' title='bbox 457 2091 537 2162; x_wconf 74' lang='grc' dir='ltr'><em>ἴσως</em></span> <span class='ocrx_word' id='word_1_146' title='bbox 563 2082 648 2167; x_wconf 85' lang='grc' dir='ltr'><em>λέγω</em></span> <span class='ocrx_word' id='word_1_147' title='bbox 676 2095 746 2161; x_wconf 86' lang='grc' dir='ltr'><em>τοῖς</em></span> <span class='ocrx_word' id='word_1_148' title='bbox 765 2077 931 2168; x_wconf 79' lang='grc' dir='ltr'><em>Ἕλλησιν,</em></span> <span class='ocrx_word' id='word_1_149' title='bbox 960 2077 1071 2170; x_wconf 72' lang='grc' dir='ltr'><em>ὥσπερ</em></span> <span class='ocrx_word' id='word_1_150' title='bbox 1091 2084 1171 2150; x_wconf 85' lang='grc' dir='ltr'><em>δέον</em></span> 
     </span>
     <span class='ocr_line' id='line_1_20' title="bbox 157 2183 1172 2276; baseline -0.002 -19"><span class='ocrx_word' id='word_1_151' title='bbox 157 2189 265 2274; x_wconf 93' lang='grc' dir='ltr'><em>μόνον</em></span> <span class='ocrx_word' id='word_1_152' title='bbox 291 2187 332 2256; x_wconf 85' lang='grc' dir='ltr'><em>τά</em></span> <span class='ocrx_word' id='word_1_153' title='bbox 360 2188 494 2276; x_wconf 74' lang='grc' dir='ltr'><em>συνήθη</em></span> <span class='ocrx_word' id='word_1_154' title='bbox 522 2189 578 2257; x_wconf 83' lang='grc' dir='ltr'><em>καὶ</em></span> <span class='ocrx_word' id='word_1_155' title='bbox 605 2185 757 2275; x_wconf 76' lang='grc' dir='ltr'><em>γνώριμα</em></span> <span class='ocrx_word' id='word_1_156' title='bbox 780 2189 901 2274; x_wconf 88' lang='grc' dir='ltr'><em>λέγειν·</em></span> <span class='ocrx_word' id='word_1_157' title='bbox 931 2183 973 2257; x_wconf 83' lang='grc' dir='ltr'><em>οὐ</em></span> <span class='ocrx_word' id='word_1_158' title='bbox 996 2185 1063 2274; x_wconf 82' lang='grc' dir='ltr'><em>μὴν</em></span> <span class='ocrx_word' id='word_1_159' title='bbox 1091 2184 1172 2255; x_wconf 72' lang='grc' dir='ltr'><em>οὐδὲ</em></span> 
     </span>
     <span class='ocr_line' id='line_1_21' title="bbox 158 2288 1209 2379; baseline -0.002 -20"><span class='ocrx_word' id='word_1_160' title='bbox 158 2293 256 2362; x_wconf 77' lang='grc' dir='ltr'><em>τοῦτό</em></span> <span class='ocrx_word' id='word_1_161' title='bbox 288 2295 393 2379; x_wconf 81' lang='grc' dir='ltr'><em>ἐστιν,</em></span> <span class='ocrx_word' id='word_1_162' title='bbox 426 2289 471 2374; x_wconf 75' lang='grc' dir='ltr'><em>ὡς</em></span> <span class='ocrx_word' id='word_1_163' title='bbox 503 2290 547 2361; x_wconf 87' lang='grc' dir='ltr'><em>άυ</em></span> <span class='ocrx_word' id='word_1_164' title='bbox 578 2319 628 2374; x_wconf 92' lang='grc' dir='ltr'><em>τις</em></span> <span class='ocrx_word' id='word_1_165' title='bbox 659 2288 839 2379; x_wconf 81' lang='grc' dir='ltr'><em>ὑπολάβοι,</em></span> <span class='ocrx_word' id='word_1_166' title='bbox 867 2296 1036 2373; x_wconf 78' lang='grc' dir='ltr'><em>παντελῶς</em></span> <span class='ocrx_word' id='word_1_167' title='bbox 1064 2294 1170 2373; x_wconf 84' lang='grc' dir='ltr'><em>ξένον.</em></span> <span class='ocrx_word' id='word_1_168' title='bbox 1183 2316 1209 2355; x_wconf 80' lang='lat'><em>20</em></span> 
     </span>
     <span class='ocr_line' id='line_1_22' title="bbox 159 2390 1171 2487; baseline 0 -21"><span class='ocrx_word' id='word_1_169' title='bbox 159 2402 194 2466; x_wconf 88' lang='grc' dir='ltr'><em>οί</em></span> <span class='ocrx_word' id='word_1_170' title='bbox 224 2396 430 2487; x_wconf 90' lang='grc' dir='ltr'><em>Διόσκουροι</em></span> <span class='ocrx_word' id='word_1_171' title='bbox 462 2405 549 2479; x_wconf 92' lang='grc' dir='ltr'><em>τίνες</em></span> <span class='ocrx_word' id='word_1_172' title='bbox 580 2394 661 2486; x_wconf 80' lang='grc' dir='ltr'><em>ὑμῖν</em></span> <span class='ocrx_word' id='word_1_173' title='bbox 693 2404 794 2485; x_wconf 78' lang='grc' dir='ltr'><em>εἰσιν,</em></span> <span class='ocrx_word' id='word_1_174' title='bbox 828 2390 854 2467; x_wconf 78' lang='grc' dir='ltr'><strong><em>ὦ</em></strong></span> <span class='ocrx_word' id='word_1_175' title='bbox 887 2398 1078 2486; x_wconf 86' lang='grc' dir='ltr'><em>σοφάτατοι</em></span> <span class='ocrx_word' id='word_1_176' title='bbox 1114 2400 1171 2467; x_wconf 81' lang='grc' dir='ltr'><em>καὶ</em></span> 
     </span>
     <span class='ocr_line' id='line_1_23' title="bbox 158 2501 1173 2594; baseline 0.003 -24"><span class='ocrx_word' id='word_1_177' title='bbox 158 2501 391 2592; x_wconf 80' lang='grc' dir='ltr'><em>ἀβασανίστως</em></span> <span class='ocrx_word' id='word_1_178' title='bbox 408 2502 448 2572; x_wconf 85' lang='grc' dir='ltr'><em>τὰ</em></span> <span class='ocrx_word' id='word_1_179' title='bbox 467 2504 572 2573; x_wconf 87' lang='grc' dir='ltr'><em>πολλά</em></span> <span class='ocrx_word' id='word_1_180' title='bbox 590 2503 867 2594; x_wconf 85' lang='grc' dir='ltr'><em>παραδεχόμενοι;</em></span> <span class='ocrx_word' id='word_1_181' title='bbox 897 2502 958 2592; x_wconf 81' lang='grc' dir='ltr'><em>οὐχ</em></span> <span class='ocrx_word' id='word_1_182' title='bbox 983 2504 1173 2594; x_wconf 78' lang='grc' dir='ltr'><em>ἑτερήμεροι</em></span> 
     </span>
    </p>

    <p class='ocr_par' dir='ltr' id='par_1_6' title="bbox 123 2600 1212 3019">
     <span class='ocr_line' id='line_1_24' title="bbox 123 2600 1172 2701; baseline 0.002 -24"><span class='ocrx_word' id='word_1_183' title='bbox 123 2600 133 2618; x_wconf 77' lang='grc'><strong>’</strong></span> <span class='ocrx_word' id='word_1_184' title='bbox 158 2611 321 2701; x_wconf 89' lang='grc' dir='ltr'><em>λέγονται,</em></span> <span class='ocrx_word' id='word_1_185' title='bbox 351 2609 435 2679; x_wconf 93' lang='grc' dir='ltr'><em>διότι</em></span> <span class='ocrx_word' id='word_1_186' title='bbox 462 2608 506 2698; x_wconf 82' lang='grc' dir='ltr'><em>μη</em></span> <span class='ocrx_word' id='word_1_187' title='bbox 533 2613 631 2699; x_wconf 76' lang='grc' dir='ltr'><em>θέμις</em></span> <span class='ocrx_word' id='word_1_188' title='bbox 650 2607 796 2701; x_wconf 74' lang='grc' dir='ltr'><em>ὁρᾶσθαι</em></span> <span class='ocrx_word' id='word_1_189' title='bbox 822 2614 881 2698; x_wconf 80' lang='grc' dir='ltr'><em>τῆς</em></span> <span class='ocrx_word' id='word_1_190' title='bbox 904 2607 1007 2698; x_wconf 76' lang='grc' dir='ltr'><em>αὐτῆς</em></span> <span class='ocrx_word' id='word_1_191' title='bbox 1033 2606 1172 2700; x_wconf 75' lang='grc' dir='ltr'><em>ημέραςς</em></span> 
     </span>
     <span class='ocr_line' id='line_1_25' title="bbox 158 2711 1172 2805; baseline 0 -22"><span class='ocrx_word' id='word_1_192' title='bbox 158 2711 252 2802; x_wconf 78' lang='grc' dir='ltr'><em>ὑμεῖς</em></span> <span class='ocrx_word' id='word_1_193' title='bbox 284 2712 372 2798; x_wconf 84' lang='grc' dir='ltr'><em>ὅπως</em></span> <span class='ocrx_word' id='word_1_194' title='bbox 404 2714 540 2786; x_wconf 84' lang='grc' dir='ltr'><em>άκοάετε</em></span> <span class='ocrx_word' id='word_1_195' title='bbox 573 2714 718 2804; x_wconf 74' lang='grc' dir='ltr'><em>εὔδηλον</em></span> <span class='ocrx_word' id='word_1_196' title='bbox 750 2714 800 2785; x_wconf 83' lang='grc' dir='ltr'><em>ὅτι</em></span> <span class='ocrx_word' id='word_1_197' title='bbox 831 2720 890 2805; x_wconf 82' lang='grc' dir='ltr'><em>της</em></span> <span class='ocrx_word' id='word_1_198' title='bbox 922 2717 1002 2804; x_wconf 71' lang='grc' dir='ltr'><em>χθὲς</em></span> <span class='ocrx_word' id='word_1_199' title='bbox 1033 2718 1090 2784; x_wconf 86' lang='grc' dir='ltr'><em>καὶ</em></span> <span class='ocrx_word' id='word_1_200' title='bbox 1117 2717 1172 2805; x_wconf 79' lang='grc' dir='ltr'><em>τή-</em></span> 
     </span>
     <span class='ocr_line' id='line_1_26' title="bbox 158 2820 1212 2913; baseline 0.001 -23"><span class='ocrx_word' id='word_1_201' title='bbox 158 2850 268 2911; x_wconf 90' lang='grc' dir='ltr'><em>μερον.</em></span> <span class='ocrx_word' id='word_1_202' title='bbox 315 2820 384 2890; x_wconf 85' lang='grc' dir='ltr'><em>εἶτα</em></span> <span class='ocrx_word' id='word_1_203' title='bbox 416 2830 452 2890; x_wconf 90' lang='grc' dir='ltr'><em>τί</em></span> <span class='ocrx_word' id='word_1_204' title='bbox 475 2838 550 2892; x_wconf 85' lang='grc' dir='ltr'><em>νοεῖ</em></span> <span class='ocrx_word' id='word_1_205' title='bbox 573 2826 689 2908; x_wconf 76' lang='grc' dir='ltr'><em>τοῦτο,</em></span> <span class='ocrx_word' id='word_1_206' title='bbox 720 2821 804 2913; x_wconf 88' lang='grc' dir='ltr'><em>πρὸς</em></span> <span class='ocrx_word' id='word_1_207' title='bbox 831 2820 944 2891; x_wconf 77' lang='grc' dir='ltr'><em>αὐτῶν</em></span> <span class='ocrx_word' id='word_1_208' title='bbox 971 2824 1039 2890; x_wconf 77' lang='grc' dir='ltr'><em>τῶν</em></span> <span class='ocrx_word' id='word_1_209' title='bbox 1067 2832 1170 2891; x_wconf 89' lang='grc' dir='ltr'><em>Διοσ-</em></span> <span class='ocrx_word' id='word_1_210' title='bbox 1185 2843 1212 2884; x_wconf 79' lang='lat'><em>25</em></span> 
     </span>
     <span class='ocr_line' id='line_1_27' title="bbox 158 2926 1172 3019; baseline -0.001 -22"><span class='ocrx_word' id='word_1_211' title='bbox 158 2928 305 3018; x_wconf 73' lang='grc' dir='ltr'><em>κούρους</em></span> <span class='ocrx_word' id='word_1_212' title='bbox 343 2929 585 3019; x_wconf 82' lang='grc' dir='ltr'><em>έφαρμόσωμεν</em></span> <span class='ocrx_word' id='word_1_213' title='bbox 627 2926 709 2998; x_wconf 82' lang='grc' dir='ltr'><em>αὐτὸ</em></span> <span class='ocrx_word' id='word_1_214' title='bbox 751 2929 852 3016; x_wconf 83' lang='grc' dir='ltr'><em>φύσει</em></span> <span class='ocrx_word' id='word_1_215' title='bbox 893 2931 958 2997; x_wconf 87' lang='grc' dir='ltr'><em>τινὶ</em></span> <span class='ocrx_word' id='word_1_216' title='bbox 995 2930 1052 2997; x_wconf 85' lang='grc' dir='ltr'><em>καὶ</em></span> <span class='ocrx_word' id='word_1_217' title='bbox 1088 2929 1172 3017; x_wconf 91' lang='grc' dir='ltr'><em>πρά-</em></span> 
     </span>
    </p>

    <p class='ocr_par' dir='ltr' id='par_1_7' title="bbox 122 3030 1170 3123">
     <span class='ocr_line' id='line_1_28' title="bbox 122 3030 1170 3123; baseline 0 -20"><span class='ocrx_word' id='word_1_218' title='bbox 122 3040 269 3123; x_wconf 88' lang='grc' dir='ltr'><em>Βγματι,</em></span> <span class='ocrx_word' id='word_1_219' title='bbox 297 3033 416 3104; x_wconf 89' lang='grc' dir='ltr'><em>καινὸν</em></span> <span class='ocrx_word' id='word_1_220' title='bbox 435 3040 491 3104; x_wconf 83' lang='grc' dir='ltr'><em>ἵνα</em></span> <span class='ocrx_word' id='word_1_221' title='bbox 509 3035 615 3123; x_wconf 72' lang='grc' dir='ltr'><em>μηδὲν</em></span> <span class='ocrx_word' id='word_1_222' title='bbox 638 3034 721 3123; x_wconf 75' lang='grc' dir='ltr'><em>μηδέ</em></span> <span class='ocrx_word' id='word_1_223' title='bbox 740 3031 886 3122; x_wconf 89' lang='grc' dir='ltr'><em>άνόητον</em></span> <span class='ocrx_word' id='word_1_224' title='bbox 904 3037 1061 3122; x_wconf 85' lang='grc' dir='ltr'><em>λέγωμεν.</em></span> <span class='ocrx_word' id='word_1_225' title='bbox 1098 3030 1170 3103; x_wconf 83' lang='grc' dir='ltr'><em>ἀλλ’</em></span> 
     </span>
    </p>

    <p class='ocr_par' dir='ltr' id='par_1_8' title="bbox 157 3177 1174 3454">
     <span class='ocr_line' id='line_1_29' title="bbox 226 3177 1174 3303; baseline 0.001 -67"><span class='ocrx_word' id='word_1_226' title='bbox 226 3181 309 3237; x_wconf 78' lang='grc' dir='ltr'><em>ῦῖσα</em></span> <span class='ocrx_word' id='word_1_227' title='bbox 326 3186 351 3235; x_wconf 89' lang='lat' dir='ltr'>V</span> <span class='ocrx_word' id='word_1_228' title='bbox 370 3185 375 3249; x_wconf 94' lang='grc' dir='ltr'>Ι</span> <span class='ocrx_word' id='word_1_229' title='bbox 394 3178 514 3265; x_wconf 74' lang='grc' dir='ltr'><em>τάγαθά</em></span> <span class='ocrx_word' id='word_1_230' title='bbox 531 3182 610 3263; x_wconf 86' lang='lat' dir='ltr'><strong>libri]</strong></span> <span class='ocrx_word' id='word_1_231' title='bbox 631 3177 665 3235; x_wconf 83' lang='grc' dir='ltr'><em>τά</em></span> <span class='ocrx_word' id='word_1_232' title='bbox 686 3177 788 3268; x_wconf 82' lang='grc' dir='ltr'><em>οἷγαθά</em></span> <span class='ocrx_word' id='word_1_233' title='bbox 858 3177 1022 3303; x_wconf 79' lang='grc' dir='ltr'><em>λέννάτην</em></span> <span class='ocrx_word' id='word_1_234' title='bbox 1034 3185 1086 3235; x_wconf 89' lang='lat' dir='ltr'><em>Mb</em></span> <span class='ocrx_word' id='word_1_235' title='bbox 1156 3189 1174 3237; x_wconf 83' lang='lat'><em>8</em></span> 
     </span>
     <span class='ocr_line' id='line_1_30' title="bbox 158 3244 1171 3371; baseline -0.003 -67"><span class='ocrx_word' id='word_1_236' title='bbox 158 3249 272 3318; x_wconf 79' lang='grc' dir='ltr'><em>συνέχει</em></span> <span class='ocrx_word' id='word_1_237' title='bbox 294 3254 319 3303; x_wconf 90' lang='lat' dir='ltr'>V</span> <span class='ocrx_word' id='word_1_238' title='bbox 406 3256 438 3304; x_wconf 85' lang='lat'><em>13</em></span> <span class='ocrx_word' id='word_1_239' title='bbox 465 3245 543 3332; x_wconf 74' lang='grc' dir='ltr'><em>αὐτῷ</em></span> <span class='ocrx_word' id='word_1_240' title='bbox 568 3249 744 3371; x_wconf 48' lang='lat' dir='ltr'>Penii</span> <span class='ocrx_word' id='word_1_241' title='bbox 661 3246 752 3304; x_wconf 81' lang='grc' dir='ltr'><em>πάτου</em></span> <span class='ocrx_word' id='word_1_242' title='bbox 840 3254 873 3302; x_wconf 89' lang='grc'><em>14</em></span> <span class='ocrx_word' id='word_1_243' title='bbox 898 3244 1022 3318; x_wconf 52' lang='lat' dir='ltr'><em>gaud}</em></span> <span class='ocrx_word' id='word_1_244' title='bbox 1024 3269 1037 3311; x_wconf 88' lang='grc' dir='ltr'><em>ς</em></span> <span class='ocrx_word' id='word_1_245' title='bbox 1061 3247 1093 3303; x_wconf 80' lang='grc' dir='ltr'><em>τό</em></span> <span class='ocrx_word' id='word_1_246' title='bbox 1116 3253 1140 3301; x_wconf 87' lang='lat' dir='ltr'>V</span> <span class='ocrx_word' id='word_1_247' title='bbox 1166 3252 1171 3317; x_wconf 77' lang='lat' dir='ltr'>l</span> 
     </span>
     <span class='ocr_line' id='line_1_31' title="bbox 157 3310 1172 3405; baseline 0 -35"><span class='ocrx_word' id='word_1_248' title='bbox 157 3319 263 3386; x_wconf 82' lang='grc' dir='ltr'><em>πλῆρες</em></span> <span class='ocrx_word' id='word_1_249' title='bbox 280 3323 305 3370; x_wconf 94' lang='lat' dir='ltr'>V</span> <span class='ocrx_word' id='word_1_250' title='bbox 375 3323 406 3372; x_wconf 76' lang='lat'><em>1⁷</em></span> <span class='ocrx_word' id='word_1_251' title='bbox 429 3312 557 3386; x_wconf 86' lang='grc' dir='ltr'><em>άνάγκης</em></span> <span class='ocrx_word' id='word_1_252' title='bbox 581 3315 625 3371; x_wconf 85' lang='grc' dir='ltr'><em>είσ</em></span> <span class='ocrx_word' id='word_1_253' title='bbox 654 3318 691 3384; x_wconf 93' lang='lat' dir='ltr'><em>V]</em></span> <span class='ocrx_word' id='word_1_254' title='bbox 716 3315 831 3371; x_wconf 77' lang='grc' dir='ltr'><em>εἶ’σὶν</em></span> <span class='ocrx_word' id='word_1_255' title='bbox 813 3313 942 3405; x_wconf 77' lang='grc' dir='ltr'><em>ανάγκης</em></span> <span class='ocrx_word' id='word_1_256' title='bbox 1012 3323 1044 3371; x_wconf 89' lang='grc'><em>18</em></span> <span class='ocrx_word' id='word_1_257' title='bbox 1067 3310 1172 3380; x_wconf 83' lang='grc' dir='ltr'><em>άξόνε-</em></span> 
     </span>
     <span class='ocr_line' id='line_1_32' title="bbox 157 3378 1173 3474; baseline 0 -36"><span class='ocrx_word' id='word_1_258' title='bbox 157 3404 208 3438; x_wconf 88' lang='grc' dir='ltr'><em>τον</em></span> <span class='ocrx_word' id='word_1_259' title='bbox 226 3385 260 3452; x_wconf 89' lang='lat' dir='ltr'><em>V]</em></span> <span class='ocrx_word' id='word_1_260' title='bbox 287 3379 429 3440; x_wconf 73' lang='grc' dir='ltr'><em>ἀσύνετον</em></span> <span class='ocrx_word' id='word_1_261' title='bbox 514 3391 546 3438; x_wconf 78' lang='lat'><em>21</em></span> <span class='ocrx_word' id='word_1_262' title='bbox 574 3378 643 3453; x_wconf 72' lang='grc' dir='ltr'><em>ὑμῖν</em></span> <span class='ocrx_word' id='word_1_263' title='bbox 666 3403 751 3474; x_wconf 81' lang='lat' dir='ltr'><strong>marg.</strong></span> <span class='ocrx_word' id='word_1_264' title='bbox 776 3392 843 3453; x_wconf 85' lang='lat' dir='ltr'>pet]</span> <span class='ocrx_word' id='word_1_265' title='bbox 868 3392 942 3464; x_wconf 86' lang='grc' dir='ltr'><em>ημῖν</em></span> <span class='ocrx_word' id='word_1_266' title='bbox 1026 3391 1060 3438; x_wconf 79' lang='lat'><em>24</em></span> <span class='ocrx_word' id='word_1_267' title='bbox 1087 3381 1173 3466; x_wconf 78' lang='grc' dir='ltr'><em>ὑμεῖς</em></span> 
     </span>
    </p>
   </div>
   <div class='ocr_carea' id='block_1_3' title="bbox 150 3447 1171 3590">
    <p class='ocr_par' dir='ltr' id='par_1_9' title="bbox 150 3447 1171 3590">
     <span class='ocr_line' id='line_1_33' title="bbox 157 3447 1171 3575; baseline 0.001 -71"><span class='ocrx_word' id='word_1_268' title='bbox 157 3447 345 3520; x_wconf 83' lang='lat' dir='ltr'>Heylerus]</span> <span class='ocrx_word' id='word_1_269' title='bbox 328 3460 413 3533; x_wconf 86' lang='grc' dir='ltr'><em>ημεῑς</em></span> <span class='ocrx_word' id='word_1_270' title='bbox 482 3458 515 3508; x_wconf 78' lang='lat'><em>25</em></span> <span class='ocrx_word' id='word_1_271' title='bbox 538 3454 569 3506; x_wconf 87' lang='grc' dir='ltr'><em>τί</em></span> <span class='ocrx_word' id='word_1_272' title='bbox 584 3453 670 3575; x_wconf 47' lang='lat' dir='ltr'><em>libri]k</em></span> <span class='ocrx_word' id='word_1_273' title='bbox 680 3453 731 3506; x_wconf 88' lang='grc' dir='ltr'><em>καὶ</em></span> <span class='ocrx_word' id='word_1_274' title='bbox 799 3459 832 3506; x_wconf 79' lang='grc'><em>27</em></span> <span class='ocrx_word' id='word_1_275' title='bbox 854 3447 957 3507; x_wconf 87' lang='grc' dir='ltr'><em>καινόν</em></span> <span class='ocrx_word' id='word_1_276' title='bbox 976 3452 1037 3519; x_wconf 88' lang='lat' dir='ltr'><em>Mb]</em></span> <span class='ocrx_word' id='word_1_277' title='bbox 1062 3447 1171 3506; x_wconf 86' lang='grc' dir='ltr'><em>κοινόν</em></span> 
     </span>
     <span class='ocr_line' id='line_1_34' title="bbox 150 3517 861 3590; baseline 0.006 -22"><span class='ocrx_word' id='word_1_278' title='bbox 150 3521 249 3570; x_wconf 75' lang='grc' dir='ltr'><em>Μελίτη</em></span> <span class='ocrx_word' id='word_1_279' title='bbox 267 3517 356 3573; x_wconf 86' lang='grc' dir='ltr'><em>κενόν</em></span> <span class='ocrx_word' id='word_1_280' title='bbox 375 3523 437 3573; x_wconf 82' lang='lat' dir='ltr'>coll.</span> <span class='ocrx_word' id='word_1_281' title='bbox 457 3525 541 3574; x_wconf 79' lang='lat' dir='ltr'>116A</span> <span class='ocrx_word' id='word_1_282' title='bbox 567 3523 572 3586; x_wconf 90' lang='grc'>1</span> <span class='ocrx_word' id='word_1_283' title='bbox 596 3519 689 3590; x_wconf 76' lang='grc' dir='ltr'><em>μηδὲν</em></span> <span class='ocrx_word' id='word_1_284' title='bbox 707 3520 744 3590; x_wconf 87' lang='lat' dir='ltr'><em>H]</em></span> <span class='ocrx_word' id='word_1_285' title='bbox 763 3517 861 3588; x_wconf 77' lang='grc' dir='ltr'><em>μηδεν</em></span> 
     </span>
    </p>
   </div>
   <div class='ocr_carea' id='block_1_4' title="bbox 0 0 1231 3870">
    <p class='ocr_par' dir='ltr' id='par_1_10' title="bbox 0 0 1231 3870">
     <span class='ocr_line' id='line_1_35' title="bbox 0 0 1231 3870; baseline 0 0"><span class='ocrx_word' id='word_1_286' title='bbox 0 0 1231 3870; x_wconf 95' lang='lat' dir='ltr'><em> </em></span> 
     </span>
    </p>
   </div>
  </div>
 </body>
</html>
