2416 3864
215 147 394 199 EPISTOLA
411 149 461 200 AD
482 149 510 200 S.
529 149 561 198 P.
579 149 613 210 Q.
631 148 903 200 ATHENIENSEM.
1015 148 1075 212 351

60 279 218 364 ἐφαίνετο
251 274 444 362 ε’πιτῆδειος.
494 270 567 343 ἀλλ’
597 276 698 362 ἐχρῆν
730 271 835 343 αὐτὸν
867 276 923 344 καὶ
954 277 1077 346 τούτου

61 383 248 471 στέρεσθαι.
299 383 477 469 ξυγχωρεῖ,
510 379 612 466 λόγον
643 407 682 466 γε
717 379 850 461 πάντως
886 377 1119 469 ύποσχόνταΒ

59 487 237 576 πρότερον,
265 484 377 576 ὥσπερ
403 484 485 567 τούς
511 485 731 575 κακούργους.
768 484 810 556 ού
837 486 901 576 γάρ
929 485 971 576 δῆ
999 485 1079 570 τοὺς

61 594 124 682 μὲν
152 591 274 683 ληστὰς
301 589 319 661 ὁ
347 592 451 681 νόμος
469 587 669 682 ἀπαγορεύει
697 595 743 684 τῷ
763 592 903 681 δήσαντι
925 599 1078 682 κτείνειν,

34 699 141 782 ιτοὺς
173 698 420 789 ἀφαιρεθέντας
447 698 484 768 δέ
511 699 620 786 τιμάς,
653 695 692 779 ἀς
719 696 826 788 εἶχον,
859 700 915 768 καὶ
943 701 1078 788 γενομέ-

60 835 145 888 νους
172 807 216 892 ἐξ,
233 803 406 895 ἀρχόντων
434 804 568 885 ἰδιώτας
595 801 753 892 ἀκρίτους
770 808 854 892 φησὶ
882 811 954 875 δεῖν
983 804 1076 875 ἀναι-

62 922 205 1003 ρεῖσθαι.
254 918 290 979 τί
318 911 398 999 γάρ,
435 916 466 979 εί
495 913 564 978 τῶν
596 905 840 1000 ἁμαρτημάτων
872 909 960 1000 εἶχεν
997 909 1077 981 ἀπο-

63 1023 169 1107 φῆναι
196 1015 276 1098 τούς
302 1023 446 1100 αίτίους;
479 1018 635 1086 ἐδίδοντο
663 1015 727 1104 γάρ
760 1014 851 1108 αύτῷ
878 1045 981 1086 τινων
1009 1022 1077 1088 ἐπι-

63 1131 189 1209 στολαί,
205 1120 384 1211 Ἡράκλεις,
399 1120 481 1204 ὅσας
499 1129 635 1210 ἔχουσαι
653 1119 721 1191 κατ’
743 1121 849 1192 αύτού
867 1131 1078 1212 κατηγορίας,

23 1257 48 1296 10
63 1228 118 1319 ἐφ’
150 1225 204 1311 αἷς
230 1232 356 1311 ἐκεῖνος
384 1226 616 1317 ἀγανακτήσας
634 1225 875 1319 ἀκρατέστερον
902 1229 963 1318 μὲν
991 1229 1118 1321 (καὶ)0

61 1335 182 1424 ῆκιστα
209 1339 387 1423 βασιλικῶς
414 1338 516 1423 ἐφῆκε
542 1339 588 1426 τῷ
616 1339 732 1427 θυμῷ,
764 1338 827 1405 τού
854 1339 967 1424 μέντοι
995 1336 1079 1425 μηδὲ
1115 1350 1120 1362 ’

64 1446 124 1531 ζῆν
156 1440 251 1523 ἀξιον
284 1439 387 1511 ούδέν
423 1441 605 1531 ἐπεπράχει.
660 1445 730 1522 πῶς
763 1442 842 1532 γάρ;
881 1440 943 1530 ούχ
981 1435 1079 1524 οὗτός

63 1553 156 1618 ἐστιν
197 1546 392 1636 ἀνθρώποις
428 1545 531 1616 ἀπασι
571 1546 685 1627 κοινὸς
713 1544 871 1634 Ἕλλησιν
918 1546 985 1636 ἅμα
1022 1551 1078 1618 καὶ

63 1653 250 1743 βαρβάροις
268 1649 285 1723 ό
305 1654 419 1741 νόμος,
448 1651 637 1741 ἀμύνεσθαι
654 1650 734 1733 τούς
752 1650 883 1734 ἀδικίας
911 1650 1079 1742 ὑπάρχον-

23 1781 49 1826 1⁵
64 1788 138 1843 τας;
175 1756 248 1829 ἀλλ’
286 1769 365 1840 ίσως
402 1759 464 1848 μὲν
499 1756 650 1847 ἠμύνατο
687 1758 892 1847 πικρότερον.
939 1757 981 1828 ού
1012 1759 1080 1848 μῆν

64 1869 127 1948 ἐξω
155 1865 263 1953 πάντη
290 1868 353 1934 τού
379 1865 519 1945 εἰκότος·
551 1863 612 1934 τὸν
639 1863 705 1954 γὰρ
738 1863 863 1953 ἐχθρὸν
890 1861 948 1933 ὑπ’
979 1863 1080 1954 ὀργῆς

64 1972 154 2052 εἰκός
180 2000 212 2040 τι
242 1973 299 2040 καὶ
326 1986 450 2056 ποιεῖν,
482 1980 609 2060 είρηται
641 1972 697 2039 καὶ
724 1970 884 2059 πρόσθεν.
930 1968 1002 2039 ἀλλ’
1033 1978 1080 2052 είς
1098 1989 1125 2042 D

64 2079 165 2167 χάριν
205 2075 281 2159 ἑνὸς
321 2075 557 2166 ἀνδρογύνου,
602 2080 665 2146 τού
704 2079 983 2164 κατακοιμιστοῦ,
1024 2078 1080 2145 καὶ

64 2185 202 2274 προσέτι
234 2186 395 2258 τούτων
426 2189 595 2272 μαγείρων
626 2182 808 2270 ἐπιτρόπου
840 2179 901 2251 τόν
928 2180 1080 2270 ἀνεψιόν,
1162 2258 1164 2262 ,

25 2318 51 2357 το
64 2289 127 2360 τὸν
154 2295 309 2378 καίσαρα,
336 2285 396 2358 τόν
414 2292 473 2377 τῆς
500 2286 648 2377 ἀδελφῆς
666 2287 775 2378 ἀνδρα
798 2288 993 2377 γευόμενον,
1019 2286 1080 2358 τὸν

45 2386 125 2485 ,τῆς
156 2392 341 2484 ἀδελφιδῆς
372 2397 512 2484 πατέρα,
545 2387 588 2464 ού
620 2397 676 2464 καὶ
710 2392 812 2476 αύτὸς
843 2395 1006 2485 πρότερον
1037 2386 1081 2483 ῆν

66 2497 274 2590 ἀγαγόμενος
309 2499 371 2589 τῆν
408 2499 574 2589 ἀδελφήν,
610 2500 694 2591 πρὸς
730 2498 771 2571 δν
808 2499 898 2593 αύτῷ
935 2504 1082 2571 τοσαύτα

65 2611 160 2678 θεῶν
184 2603 354 2696 ὁμογνίων
371 2603 499 2695 ὑπῆρχε
523 2613 646 2694 δίκαια,
674 2621 800 2677 κτεῖναι
822 2609 995 2696 παρέδωκε
1012 2623 1082 2689 τοῖς

67 2717 252 2802 ἐχθίστοις·
289 2712 345 2802 ἐμὲ
377 2712 414 2783 δὲ
446 2710 554 2801 ἀφῆκε
590 2713 686 2800 μόγις
722 2710 803 2782 ἑπτά
839 2717 956 2801 μηνῶν
992 2711 1081 2782 όλωυ

30 2845 55 2884 ιι
71 2821 211 2900 ἑλκύσας
246 2823 325 2909 τῆδε
361 2814 492 2888 κάκεῖσε
510 2820 580 2907 >καὶ
611 2817 836 2906 ποιησάμενος
871 2824 1135 2908 ίμφρουρον,ετο
1181 2824 1184 2825 ’

68 2922 171 3013 ὥστε,
209 2931 240 2994 εί
269 2923 313 3014 μῆ
344 2928 438 2994 θεῶν
473 2952 523 3006 τις
558 2924 719 3012 ἐθελῆσας
755 2952 794 3012 με
831 2927 985 3012 σωθῆναι
1020 2922 1082 3011 τῆν
1176 2917 1181 2931 s

67 3031 174 3120 καλῆν
206 3033 263 3101 καὶ
295 3028 431 3120 ἀγαθῆυ
462 3029 500 3100 τό
528 3031 711 3118 τηνικαῦτά
743 3056 800 3118 μοι
831 3031 995 3119 παρέσχεν
1028 3026 1082 3098 εύ-

137 3311 153 3360 6
173 3299 307 3372 ἀκρίτους
327 3303 407 3374 Oob.]
427 3299 548 3372 ἀκρίτως
618 3308 650 3357 10
667 3302 717 3356 καλ
738 3306 799 3356 αδδ.
817 3307 878 3357 Pet.
948 3307 978 3355 21
1000 3295 1082 3356 ἀδελ-

61 3375 162 3442 φιδῆς
179 3371 254 3442 Pet]
273 3367 454 3440 ἀδελφιδοῦς
533 3369 753 3455 λόέμφρουρον
770 3375 895 3438 Lennep.
916 3373 952 3422 οδ
969 3372 1082 3451 ξλιοὶοε.

68 3461 96 3510 p.
115 3440 204 3523 29‚q]
224 3434 400 3510 ἐμφρούρων
486 3444 518 3493 27
542 3443 683 3507 καγαθην
700 3441 767 3492 Cob.
801 3441 805 3506 Ι
838 3456 1030 3508 τοτηνικαυτα
1048 3440 1084 3504 V,

68 3526 231 3578 τηνικαυτα
247 3525 265 3560 v
