2414 3862
410 142 616 197 EPISTOLAE
635 146 678 194 42.
697 147 738 196 43.
1019 144 1082 208 547

62 273 251 347 ἀποκλείειν
279 275 379 361 ὁδοῦ,
410 276 507 367 φόβῳ
536 277 574 346 δὲ
600 280 657 347 καὶ
680 277 822 358 άκοντας
846 278 941 365 άνειν
966 281 1018 348 ἐπὶ
1041 280 1081 348 τὰ

60 383 190 470 πάτρια.
219 390 327 453 καίτοι
351 388 483 456 δίκαιον
506 376 561 470 ἦν,
584 381 693 473 ῶσπερ
717 375 799 464 τοὺς
819 391 1080 489 φρενιτίζοντας,

61 488 148 558 οὕτω
171 490 227 556 καλ
245 488 387 568 τούτους
404 488 548 570 άκοντας
566 493 694 574 ἰᾶσθαι,
716 489 805 577 πλὴν
825 487 909 559 άλλά
929 491 1079 577 συγγνῶ-

60 624 127 684 μην
158 593 321 682 ὑπάρχειν
353 593 456 663 ἅπασι
488 599 546 682 τῆς
577 595 733 683 τοιαύτης
765 597 881 666 νόσον.
925 599 980 667 καὶ
1014 597 1122 686 γάρΒ

32 728 45 766 ε
61 700 154 788 οἶμαι
174 700 358 788 διδάσκειν,
382 699 455 770 ἀλλ’
472 699 547 789 οὐχὶ
564 701 717 783 κολάζειν
732 702 795 791 χρη
810 704 890 785 τούς
906 701 1080 790 ἀνοήτους.

405 879 467 966 μηί.
508 877 734 972 Ἑκηβολίφ.
1025 966 1028 975 Ι
1094 905 1120 944 εν

139 1017 227 1105 ,Ἐγῶ
257 1020 320 1107 μὲν
346 1011 506 1111 κέχρημαι
533 1034 603 1100 τοῖς
626 1026 821 1103 Γαλιλαίοις
844 1022 968 1091 ἅπασιν
992 1020 1079 1090 οὕτω
1100 1025 1120 1080 O

58 1125 172 1217 πράως
196 1127 253 1195 καλ
276 1129 537 1216 φιλανθρώπως,
560 1125 644 1196 ὥστε
667 1130 797 1215 μηδένα
819 1133 978 1217 μηδαμοῦ
1001 1134 1081 1214 βίαν

60 1230 208 1320 ὑπομένε
221 1261 242 1302 ν
268 1234 354 1325 μηδέ
382 1241 429 1315 είς
457 1235 549 1323 ἱερὸν
578 1237 735 1303 ἕλκεσθαι
764 1233 843 1322 μηδ’
869 1222 928 1315 είς
944 1234 1025 1302 ἄλλο
1049 1259 1080 1301 τι

18 1364 43 1402 ιο
57 1341 227 1406 τοιοῦτονι
265 1341 501 1431 ἐπηρεάζεσθαι
537 1341 627 1428 παρὰ
657 1341 721 1427 τὴν
751 1346 877 1409 οίκείαν
907 1340 1082 1428 πρόθεσιν.

62 1448 98 1511 ολ
121 1444 159 1511 δὲ
181 1447 241 1532 τῆς
260 1446 463 1537 Ἀρειανικῆς
483 1449 658 1533 ἐκκλησίας
675 1444 740 1515 ὑπὸ
759 1451 820 1515 τοῦ
838 1447 985 1517 πλούτου
1003 1474 1081 1535 τρυ-

58 1554 188 1635 φῶντες
209 1554 436 1642 ,ἐπεχείρησαν
467 1568 537 1633 τοῖς
565 1551 629 1621 άπὸ
658 1556 720 1621 τοῦ
750 1550 993 1639 Οὐαλεντίνου,
1023 1550 1080 1621 καλ

58 1657 276 1744 τετολμήκασι
299 1664 436 1728 τοιαῦτα
459 1658 542 1727 κατὰ
564 1658 628 1744 τὴν
636 1657 814 1743 Ἔδεσσαν,
839 1653 893 1726 οἷα
918 1656 1078 1730 οὐδέποτε

59 1763 96 1830 ἐν
133 1763 364 1855 εὐνομουμένη
400 1766 495 1834 πόλει
533 1763 655 1851 γένοιτ’
694 1764 752 1834 άν.·
799 1762 926 1833 οὐκοῦν
963 1764 1076 1852 ἐπειδὴ

17 1902 44 1940 15
59 1865 173 1951 αὐτοῖς
200 1871 265 1941 ὑπὸ
295 1877 357 1942 τοῦ
379 1874 660 1959 θαυμασιωτάτου
683 1870 792 1957 νόμου
815 1876 1079 1957 προείρηται...,
1098 1880 1123 1932 D

58 1975 104 2044 ἵν’
135 1984 182 2058 είς
210 1979 273 2066 τὴν
301 1985 474 2065 βασιλείαν
500 1982 568 2046 τῶν
599 1975 756 2066 οὐρανῶν
784 1974 993 2065 εὐοδάτερον
1020 2002 1079 2046 πο-

34 2108 36 2111 ·
59 2074 219 2169 ρευθῶσι,
241 2085 324 2173 πρὸς
346 2088 444 2152 τούτο
469 2082 773 2170 συναγωνιζόμενοι
792 2097 863 2161 τοῖς
881 2078 1076 2167 ἀνθρώποις

59 2184 171 2256 αὐτῶν
198 2188 237 2257 τά
265 2190 414 2278 χρήματα
437 2192 496 2276 τῆς
515 2186 726 2276 Ἐδεσσηνῶν
752 2190 925 2274 ἐκκλησίας
947 2186 1080 2258 ἅπαντα

59 2294 277 2382 ἐκελεύσαμεν
308 2292 548 2380 ἀναληφθῆναι
577 2294 794 2382 δοθησόμενα
821 2307 891 2372 τοῖς
919 2296 1079 2382 στρατιῶ-

16 2431 44 2470 ιο
57 2426 139 2489 ταις,
161 2403 216 2469 καλ
239 2400 279 2469 τά
301 2400 450 2488 κτήματα
472 2413 542 2479 τοῖς
564 2397 735 2488 ἡμετέροις
756 2403 989 2489 προστεθῆναι
1008 2430 1079 2492 πρι-

58 2508 183 2594 βάτοις,
206 2512 264 2575 ἵνα
290 2506 468 2593 πενόμενοι
493 2511 692 2592 σωφρονῶσι
716 2508 771 2574 καλ
795 2506 839 2593 μὴ
866 2514 1079 2595 στερηθῶσιν

58 2607 97 2714 ἧς
130 2620 176 2682 ἔτι
209 2617 399 2693 ἐλπίζουσιν
432 2609 596 2701 οὐρανίου
622 2618 799 2699 βασιλείας.
845 2628 916 2692 τοίς
946 2620 1130 2684 οίκοῦσι4νσ

56 2720 94 2787 δὲ
116 2718 351 2805 τὴνἝδεσσαν
373 2720 646 2806 προαγορεύομεν
670 2716 853 2804 ἀπέχεσθαι
877 2717 985 2805 πάσης
1003 2721 1079 2788 στά-

55 2848 138 2904 σεως
167 2826 222 2892 καλ
255 2829 475 2910 φιλονεικίας,
512 2827 569 2890 ἵνα
598 2824 643 2909 μὴ
672 2822 735 2909 τὴν
762 2821 926 2910 ἡμετέραν
958 2833 1077 2911 φιλαν-

12 2958 40 2997 25
56 2937 213 3020 θρωπίαν
239 2930 435 3018 κινήσαντες
457 2925 536 2996 καθ’
562 2925 659 3013 ὑμῶν
682 2925 794 2995 αὐτῶν
819 2926 902 3017 ὑπὲρ
925 2933 985 3016 τῆς
1008 2935 1077 2999 τῶν

128 3076 243 3150 Ιάγειν
271 3084 336 3134 Rsk.
358 3090 386 3133 et
403 3079 502 3146 Hreh.]
533 3069 617 3143 άξειν
698 3074 888 3150 6Ἑκηβολίῳ
913 3084 1011 3147 scripsi
1028 3100 1077 3148 pre

54 3145 209 3218 Ἑκηβόλῳ.
228 3152 283 3203 vid.
295 3152 329 3202 εδ
347 3150 432 3202 3861]
468 3153 483 3200 7
501 3145 642 3213 κέχρημαι
654 3144 750 3214 Hreh.]
770 3145 890 3214 κέκρικα
901 3167 927 3211 v,
947 3151 1077 3217 χρ”σθαι

57 3215 178 3286 κέκρικα
196 3220 264 3297 Ιλελμ.
339 3223 355 3269 9
380 3211 454 3284 μηδὲ
474 3213 514 3274 είς
533 3211 604 3269 άλλο
630 3215 673 3264 Pk
723 3283 729 3296 ³
751 3219 782 3266 13
804 3168 1021 3269 τοιαῦτα-σία
1040 3217 1077 3292 Η]

57 3285 285 3340 τοσαύτα-οσα
357 3290 387 3337 lb
404 3286 498 3346 „Post
514 3283 685 3349 προείρηται
703 3283 810 3333 wdetur
828 3282 1003 3350 θλίβεσθαι,
1033 3285 1079 3336 vel

57 3355 303 3421 στενοχωρεῖσθαι
321 3353 366 3404 vel
384 3352 442 3404 tale
463 3352 529 3418 quid
546 3350 670 3402 δοεεεο“.
689 3349 756 3400 Rsk.
784 3351 853 3400 Mihi
871 3346 1015 3402 πένεσθαι
1034 3352 1079 3403 vel

56 3423 146 3539 {imilp
166 3423 231 3488 quid
250 3422 345 3472 deesse
362 3420 479 3476 videtur,
506 3419 573 3470 Cum
591 3416 730 3468 Herchero
748 3419 835 3483 igitur
852 3420 976 3470 lacunam
995 3421 1079 3484 signi-

76 3506 139 3540 οειει

806 3569 863 3622 35*
937 3570 941 3576 ’
