2414 3862
346 152 548 204 EPISTOLAE
567 155 608 205 σε.
628 155 668 204 τε.
689 156 730 204 ει.
750 154 791 204 τε.
934 144 936 146 ’
1000 137 1077 216 ‘567

60 285 102 373 δή
129 288 188 354 καί
210 291 276 355 νῦν
298 289 422 377 βραχέα
445 285 484 354 τὰ
507 291 565 374 τής
587 286 802 376 προσρήσεως
824 283 883 373 ὑφ’
909 284 1009 373 ήμῶν
1028 313 1080 372 γε-

60 398 208 481 γένηται,
231 392 310 482 μηδ’
332 394 419 464 οὕτω
443 393 504 464 τὸν
525 391 574 462 ἐπ”
596 391 710 473 αὐτοῖς
727 392 841 462 πόθον
859 390 1079 522 τεκμηριάσή

60 497 133 568 ἀλλ’
160 501 324 588 είδιός,’
307 499 360 588 ερί
386 499 469 570 ὅσον
497 499 515 569 ὁ
543 497 623 588 παρ’
649 497 745 602 ήμῶν
774 505 856 588 ἐρως
879 498 949 566 ἐπὶ
956 497 1069 564 σοὶ’
1032 523 1079 565 τε·

61 633 172 694 ταται,
204 613 244 698 τῇ
277 608 339 696 μὲν
366 611 428 676 τοῦ
455 605 646 697 γράμματος
672 606 853 694 βραχύτητι
877 601 1080 693 συγγνώμην

34 715 154 800 ενίμε,
177 728 247 793 τοῖς
270 723 356 794 ίσοις
378 714 416 782 δέ
438 711 524 801 ἡμᾶς
541 710 740 800 ἀμείβεσθαι
758 709 803 800 μή
821 711 983 780 κατόκνει.
1010 715 1080 779 πᾶν

62 817 127 905 γὰρ
159 817 226 904 ὅ,τι
258 815 301 886 ἀν
333 822 448 911 διδῷς,
483 815 548 888 κάν
575 809 740 906 μικρὸν
720 845 758 908 η,
789 817 914 898 παντὸς
942 815 1132 906 άγαθοῦ443

41 924 239 1013 γνιόρισμα
261 922 339 1014 παρ’
365 923 447 1012 ἡμίν
469 924 574 1007 σώζει.

234 1101 296 1189 νή.
335 1099 556 1182 Ἰουλιανὸς
575 1099 911 1188 Ἀλεξανδρεῦσιν.

151 1240 284 1331 Ὀβείὸν
311 1242 398 1312 εἶναι
421 1241 498 1331 παρ’
515 1241 607 1331 ’ὑμῖν
628 1240 740 1312 ἀκούω
765 1250 902 1312 λίθινον
926 1247 972 1322 είς
995 1240 1081 1323 ὕψος

22 1373 50 1414 ιο
65 1348 185 1418 ίιιανδν
209 1351 411 1438 ἐπηρμένον,
440 1351 492 1418 ἐπί
514 1354 573 1437 τῆς
595 1347 697 1439 ήόνος
718 1346 829 1436 ὥσπερ
852 1347 935 1434 ἀλλο
957 1375 989 1415 τι
1011 1351 1080 1416 τάν
1100 1361 1121 1413 Β

63 1453 272 1543 ἀτιμοτάτων
291 1458 500 1546 ἐρριμμένον.
523 1457 577 1523 ἐπὶ
595 1460 717 1524 τοῦτον
735 1455 987 1543 ἐναυπηγήσατο
1003 1455 1078 1524 σκά-
1088 1478 1126 1517 110

64 1588 129 1648 φος
152 1559 170 1630 ό
194 1568 375 1651 μακαρίτης
397 1560 645 1647 Κωνστάντιος,
667 1559 713 1641 ὡς
736 1561 884 1648 μετάξων
906 1557 1012 1628 αὐτὸν
1034 1567 1081 1642 είς

63 1667 126 1755 τήν
145 1667 229 1756 ἐμήν
246 1673 391 1757 πατρίδα
404 1674 667 1737 Κωνσταντίνου
685 1667 793 1736 πόλιν.
820 1666 889 1734 ἐπεὶ
906 1668 946 1737 ,δὲ
964 1669 1079 1760 ἐκείνῳ

64 1777 189 1863 συνέβη
221 1779 314 1844 θεῶν
346 1775 558 1865 ἐθελόντωνζῗ
568 1776 709 1844 ἐνθένδε
739 1776 842 1842 ἐκεῖσε
868 1779 1079 1862 πορευθῆναι

22 1911 50 1952 15
64 1879 127 2011 τήν
154 1883 357 1970 εἱμαρμένην
384 1877 537 1971 πορείαν,
568 1878 589 1968 ή
616 1879 712 1960 πόλις
740 1877 871 1949 ἀπαιτεῖ
896 1878 973 1967 παρ’
999 1883 1097 1968 ἐμοῦ’

64 1988 102 2056 τὸ
127 1985 304 2077 ἀνάθημα,
326 1989 444 2119 πριτρὶς
467 1979 551 2056 οὖσά
574 2013 641 2074 μου
662 1987 718 2054 καὶ
741 1986 957 2075 προσήκουσα
979 1981 1082 2056 πίέον

65 2092 149 2182 ήπερ
177 2097 336 2187 ἐκείνω
347 2122 365 2162 ο
353 2090 510 2182 μὲν
474 2120 538 2183 γαρ
562 2091 668 2181 αὐτήν
690 2090 736 2172 ως
758 2089 925 2222 ἀδελφήν,
956 2092 1019 2179 ε’γω
1045 2093 1082 2160 δέ

65 2198 111 2279 ως
143 2203 267 2289 μητέρα
298 2203 401 2287 φιλῶ·
438 2199 494 2266 καὶ
522 2197 586 2286 γάρ
614 2189 790 2290 ἐγενόμην
804 2196 882 2283 παρ’
914 2195 997 2328 αήτή
1025 2199 1121 2266 nalo

66 2305 217 2394 ἐτράφην
239 2308 358 2390 ἐκεισε,
385 2305 441 2372 καὶ
469 2302 510 2373 οὐ
534 2304 682 2392 δύναμαι
701 2305 777 2394 περὶ
800 2301 908 2391 αὐτήν
930 2301 1082 2392 ἀγνωμο-

25 2409 176 2501 εονήσαι.
221 2419 256 2480 τί
276 2405 357 2493 οὖν;
395 2411 507 2499 ἐπειδὴ
534 2412 591 2479 καὶ
612 2408 705 2498 ὑμᾶς
731 2409 833 2480 οὐδὲν
861 2418 998 2480 ἔλαττον
1024 2413 1083 2497 τής

67 2525 227 2607 πατρίδος
249 2522 353 2606 φιλῶ,
381 2522 505 2604 δίδωμι
527 2517 583 2585 καί
606 2515 683 2607 παρ’
708 2504 790 2606 ὑμῖν
813 2515 998 2606 ἀναστῆσαι
1020 2518 1083 2605 τήν

67 2629 211 2714 χαλκῆν·
229 2625 351 2694 είκόνα.
404 2629 579 2756 πεπρίηται
615 2624 654 2692 δέ
691 2629 829 2713 ἔναγχος
865 2623 1006 2714 ἀνδριὰς
1032 2627 1082 2720 Ιτῷ

46 2734 203 2820 μεγέθει
226 2728 474 2820 κοίοσσικός,
464 2730 506 2800 όν
528 2729 774 2818 ἀναστήσαντες
796 2727 924 2811 ἐξετε’
905 2730 981 2799 αντὶ
1004 2729 1083 2800 ἀνα

138 2898 150 2944 l
148 2856 211 2972 ,δή
228 2911 278 2950 om
296 2895 423 2946 Heidelb
442 2891 513 2959 35⁶1
537 2884 575 2944 τά
593 2910 644 2958 της
662 2884 843 2972 προσρήσεως
861 2892 923 2942 Vat
928 2887 1081 2974 Heidelb]

66 2953 104 3012 τά
122 2960 174 3042 τῆς
180 2962 289 3040 ψυχῆς
307 2953 505 3044 προσρήσεως
540 2964 620 3010 let
637 2963 653 3010 2
671 2955 823 3038 γεγένητριι
842 2955 881 3040 HJ
901 2954 1020 3024 γίνηται
1066 2965 1082 3010 2

66 3021 139 3114 μήδ’
159 3046 234 3081 ουτω
248 3029 372 3081 Heidelb.
391 3023 510 3111 3661μή
530 3043 642 3080 οντων,
667 3026 743 3077 Fort
762 3043 782 3091 μ
821 3043 914 3108 τουτῳ
951 3031 983 3078 10
995 3022 1081 3108 ἐπηρ

66 3113 157 3161 μενον
175 3097 200 3147 G
215 3103 245 3146 et
263 3097 356 3148 Ottob
375 3093 420 3175 90]
440 3088 567 3216 ήρμίνον
582 3087 618 3157 Ι’
602 3087 687 3174 ηόνος
707 3043 844 3160 Ητοὶίδ
825 3091 924 3158 ηιόνος
967 3098 996 3146 11
1016 3112 1081 3147 τον-

66 3182 118 3217 τον
139 3163 338 3230 GOttob.191›]
357 3156 507 3235 τοότφΙί
510 3154 716 3239 ναυπηγήσατο
734 3161 758 3210 G
777 3160 871 3214 Ottob
890 3160 934 3229 90]
955 3155 1083 3228 ἐναυπή-

66 3247 218 3362 δόσίετί
183 3217 515 3365 όόνμίάδςδὴδήίίδίόίδίε,
537 3234 615 3366 {ianget
633 3219 833 3377 Ξδηόίάήὶξωάδί
844 3227 1084 3378 εδάιῦόίιγῗίοῗπέδι

67 3367 216 3432 praefixum
278 3371 311 3417 20
333 3367 408 3428 Quae
426 3375 577 3435 sequuntur
595 3365 631 3415 ab
651 3357 755 3430 ἐπειδή
771 3380 858 3430 usque
877 3367 912 3416 ad
930 3365 1009 3416 finem
1027 3367 1083 3429 epi·

69 3435 159 3487 stolae
186 3435 269 3506 vulgo
297 3435 396 3512 desunt
422 3452 438 3489 ο
461 3434 614 3486 Muratorio
643 3433 728 3498 primo
751 3433 781 3482 in
803 3433 950 3484 Aneedotis
969 3433 1084 3484 Graecis

70 3503 199 3568 suppleta
268 3504 300 3552 21
319 3492 482 3568 ἀναστῆσαι
501 3494 577 3570 Η]’
559 3501 722 3565 ἀναστῆναι
