2408 3856
69 170 172 240 '22
287 178 290 183 ’
434 178 577 230 1nn1nn1
594 175 841 229 ταειοαλεοαεε
1182 162 1194 234 λ,

130 303 284 393 άφθονα,
311 302 395 394 πρὸς
422 305 553 385 τούτοις
579 303 618 372 δέ
645 300 725 373 οῦδὲ
752 306 820 372 τῶν
845 300 1002 391 ἀδελφῶν
1027 323 1081 372 σοι
1103 301 1145 372 δι’
1186 298 1194 343 1

130 406 344 498 ἁσδηποτοῦν
372 416 479 492 αἰτίας
504 410 565 480 τὸν
596 410 742 498 πόλεμον
770 409 1045 499 έλαφρυνόντων
1092 412 1148 479 καί
1192 455 1194 458 >

110 507 192 587 οῦκ
220 524 311 587 ἔστιν
339 515 452 598 οὐδεὶς
479 514 585 598 οῦτως
612 513 834 604 ἀναίσχυντος
866 513 946 585 οῦδὲ
978 515 1148 603 βάσκανος

85 641 109 695 D
130 625 359 713 συκοφάντης,
383 619 420 705 ὃς
444 621 506 693 οὐκ
529 623 725 693 αἰτιώτατον
748 625 907 710 γενέσθαι
930 622 968 692 σὲ
985 626 1044 711 τῆς
1063 622 1147 714 πρὸς

128 734 278 812 ἐκείνους
306 727 464 818 ὁμονοίας
491 730 603 818 φήσει·
650 728 749 811 ὄντος
776 729 814 798 δὲ
842 727 933 817 οἶμαι
959 733 1022 800 τοῦ
1049 732 1193 800 πολύ-ε’

128 865 194 926 μου
213 835 292 906 καθ’
314 833 419 906 αὑτὸν
439 840 637 927 δυσχεροῦς,
661 835 702 904 τά
724 839 792 905 τῶν
811 838 1044 925 στρατοπέδων
1063 836 1147 926 πρὸς

128 942 189 1030 τὴν
217 943 404 1032 μεταβολὴν
431 943 674 1033 διεταράττετο,
702 940 763 1011 τὸν
790 941 851 1030 μὲν
878 940 1023 1011 παλαιόν
1048 946 1145 1030 σφῶν
1192 975 1193 982 ³

127 1045 276 1138 ἡγεμόνα
293 1061 416 1120 ποθεῖν
435 1052 631 1137 ἐκβοῶντες,
655 1045 752 1136 ῦμῦν
770 1047 808 1117 δὲ
827 1046 940 1138 άρχειν
959 1049 1146 1130 ἐθέλοντες·
1176 1137 1178 1141 7

124 1149 184 1225 καὶ
211 1153 294 1225 άλλα
321 1161 425 1246 μυρία
448 1154 556 1225 άτοπα
577 1158 634 1224 καὶ
657 1158 801 1245 δυσχερῆ
824 1154 1037 1242 πανταχόθεν
1065 1153 1147 1224 άνα-

128 1262 282 1350 φυόμενα
304 1264 531 1350 χαλεπωτέρας
553 1261 613 1343 τάς
638 1257 719 1350 ὑπὲρ
743 1264 804 1331 τοῦ
822 1261 969 1349 πολέμου
988 1277 1146 1351 παρεῖχεν
1159 1292 1189 1332 nn

128 1369 277 1447 ἐλπίδας·
308 1365 473 1455 Ἀρμένιοι
496 1369 631 1451 παλαιοὶ
655 1367 822 1457 σύμμαχοι
841 1367 1071 1450 στασιάζοντες
1089 1369 1145 1436 καὶ

75 1496 108 1544 19
127 1487 228 1560 μοῖρα
260 1476 358 1561 σφῦν
391 1471 435 1543 οῦ
467 1463 596 1562 φαύλη1
617 1475 763 1563 Πέρσαις
798 1475 1045 1564 προσθέμενοι,
1083 1472 1146 1563 τὴν

128 1575 254 1669 ῦμορον
287 1585 383 1668 σφίσι
419 1589 555 1668 λῃσταῖς
589 1583 856 1670 κατατρέχοντες·
898 1581 955 1648 καὶ
993 1577 1075 1670 ὅπερ
1109 1583 1146 1650 έν

126 1699 196 1766 τοῖς
223 1689 391 1776 παροῦσιν
419 1688 574 1774 ἐφαίνετο
601 1686 709 1774 μόνον
737 1686 918 1776 σωτήριον,
945 1685 983 1755 τό
1013 1686 1049 1755 σὲ
1077 1690 1146 1756 τῦυ

126 1792 330 1880 πραγμάτων
349 1798 485 1881 ἔχεσθαι
503 1794 560 1861 καὶ
578 1793 818 1880 βουλεύεσθαι,
837 1794 918 1874 τέως
936 1790 999 1881 οῦχ
1018 1789 1146 1883 ῦπῦρχε
1159 1819 1188 1863 1⁵

127 1894 184 1966 διά
210 1897 270 1980 τάς
296 1897 379 1990 πρὸς
406 1897 485 1981 τοῦς
513 1896 681 1988 άδελφοῦς
713 1901 750 1968 έν
782 1905 930 1990 Παιονίμ
946 1898 1145 1988 συνθήκας,

127 2000 166 2086 ἃς
189 2001 291 2106 αὐτὸς
313 2005 431 2097 παρὼν
455 2003 544 2078 οῦτω
568 2007 750 2099 διῴκησας,
779 2001 824 2087 ὦς
846 2011 1012 2094 μηδεμίαν
1036 2001 1144 2095 άφορή

126 2110 193 2199 μὴν
222 2116 361 2196 ἐκείνοις
386 2129 571 2202 παρασχεῖν
598 2115 758 2201 μέμψεως.
804 2115 924 2201 μικροῦ
952 2139 992 2200 με
1020 2118 1145 2181 ἔλαθεν

127 2213 182 2304 (ἡ)
196 2221 264 2285 τῦν
296 2220 448 2308 πράξεων
476 2216 559 2307 ἀρχὴ
588 2220 804 2305 διαφυγοῦσα
830 2224 975 2288 καλλίων
1003 2214 1145 2295 άπασῦν
1180 2302 1181 2306 ¹

84 2316 146 2407 Βῆ
174 2336 247 2422 ταῖς
278 2330 466 2402 καλλίσταις
498 2325 531 2402 ἐξ
564 2332 638 2411 ίσης
668 2324 857 2412 θαυμαστή.
898 2322 936 2405 τὸ
965 2322 1029 2414 γάρ
1056 2320 1144 2414 Ιὑπὲρ
1157 2352 1184 2392 n

124 2426 295 2495 τοσούτων
327 2428 532 2518 πραγμάτων
564 2430 813 2518 βουλευόμενον
850 2429 955 2518 μηδὲν
988 2432 1145 2500 έλαττοῦ-

125 2541 208 2601 σθαι
235 2537 364 2622 δοκεῖν,
396 2541 428 2603 εί
453 2549 523 2616 τοῖς
551 2533 711 2624 άδελφοῖς
737 2534 775 2604 τὸ
803 2539 905 2606 πλέον
937 2542 1023 2624 ἔχειν
1057 2535 1144 2606 ἕκών

125 2647 348 2728 συγχωροίης,
376 2641 600 2732 σωφροσύνης
631 2644 686 2711 καὶ
714 2650 962 2730 μεγαλοψυχίας
988 2645 1145 2730 μέγιστον

124 2739 168 2811 όν
199 2753 250 2832 είη
284 2763 430 2835 σημεῖον.
476 2751 542 2818 νῦν
575 2749 613 2818 δέ
650 2754 681 2817 εί
711 2750 773 2836 μέν
804 2776 854 2831 τις
890 2747 952 2837 τὴν
983 2749 1144 2843 πατρῴαν

125 2847 245 2920 οὐσίαν
272 2851 356 2942 πρὸς
381 2853 462 2935 τοῦς
484 2851 653 2943 άδελφοῦς
676 2855 857 2942 νεμόμενος
880 2854 998 2924 ἑκατὸν
1022 2856 1142 2926 ταλάν-
1156 2877 1179 2920 ω

123 2984 210 3046 των,
242 2965 368 3029 κείσθω
402 2963 454 3047 δέ,
483 2966 514 3029 εί
539 2962 669 3048 βούλει,
700 2961 872 3031 τοσούτων
903 2960 1034 3049 άλλων,
1073 2961 1144 3032 εἶτα

192 3140 205 3188 1
225 3141 285 3189 αλλ
310 3137 527 3206 διασδηποτοῦν
545 3140 584 3205 V,
609 3131 649 3189 δι’
670 3127 704 3199 ῦς
729 3137 838 3204 δήποτε
857 3127 911 3193 οῦν
933 3157 951 3192 v
1020 3143 1034 3191 4
1060 3139 1165 3208 γενέ·.

123 3204 196 3255 σθαι
220 3199 250 3258 σὲ
274 3203 313 3274 Η]
338 3202 481 3274 γενέσθαί
501 3219 532 3258 σε
603 3209 635 3257 13
659 3206 804 3274 λῃστείαις
826 3209 893 3258 Rsk.
965 3203 1051 3268 141}
1070 3207 1141 3275 VM]

123 3284 154 3321 σε
223 3275 255 3324 16
277 3271 503 3342 προσταγμάτων
526 3275 550 3323 V
625 3276 657 3323 16
681 3274 819 3343 Παιονίᾳ]
851 3276 897 3326 Sic
921 3275 992 3327 solet
1014 3277 1142 3328 Iulianus

123 3353 184 3386 cnm
202 3339 265 3390 aliis
288 3342 400 3394 Graecis
425 3342 595 3392 Pannoniam
617 3342 724 3403 dicere3
747 3343 802 3393 vid.
822 3344 933 3394 Knster.
960 3344 995 3394 ad
1018 3343 1096 3396 said.
1116 3362 1142 3396 v.

122 3400 218 3468 Δράος
242 3413 269 3456 et
287 3410 344 3460 Ioh.
364 3411 530 3462 Laurentius
555 3410 589 3459 de
612 3411 821 3474 magistratibus
839 3414 868 3474 3,
886 3415 919 3462 32
942 3428 968 3476 p.
988 3413 1052 3463 206·
1111 3415 1143 3463 17

121 3467 160 3537 μὴ
181 3467 214 3523 δὲ
233 3472 304 3535 μίαν
322 3477 380 3527 VM
419 3480 451 3529 18
462 3484 490 3529 ελ
501 3481 532 3528 19
547 3473 655 3530 ἔλαθεν
675 3470 682 3490 ‘
699 3477 824 3545 Schaef]
845 3475 935 3531 ἔλαθε
976 3481 1009 3530 20
1027 3471 1058 3545 ἢ]
1079 3471 1097 3544 ἡ
1117 3481 1143 3533 V

122 3541 155 3589 22
173 3533 205 3591 τό
225 3536 314 3593 πλέον
333 3537 410 3608 ἔχειν
429 3537 501 3597 ἕκοόν
519 3541 555 3611 V]
582 3537 654 3597 ἑκὼν
666 3495 750 3612 Ίέχων
769 3540 801 3598 τό
820 3541 907 3598 πλέον
