2446 3870
478 150 613 201 οειτιο
632 151 668 202 11.
1021 148 1082 213 113

63 305 165 367 χοντα
194 274 322 346 τάττων
350 271 509 363 ὑπηκόων
532 273 706 364 εὐλαβείας
732 279 807 365 πέρι
835 280 890 347 καὶ
918 278 1081 367 θράσους.

64 385 271 474 προνοητέον
300 382 337 451 δὲ
365 379 458 474 αύτῷ
484 384 552 451 τῶν
581 385 765 472 εἰρημένων
798 380 841 451 οὐ
868 397 963 471 μεῖον
991 381 1082 465 ὅπως

64 489 224 578 άφθονον
256 486 319 576 τὴν
350 485 481 577 τροφὴν
513 494 612 576 ἔχωσι
644 491 699 558 καὶ
733 485 874 571 οὐδενὸς
904 492 972 557 τῶν
1000 486 1081 558 άνα-

62 604 191 683 γκαίων
220 596 408 664 ἐνδέωνται.
453 595 612 676 πολλάκις
639 594 704 685 γάρ
732 600 768 664 οί
792 596 984 665 πιστότατοι
1010 598 1122 663 τωνΒ

38 709 232 791 ιποιμνίων
274 702 421 791 φρουροὶ
461 703 516 769 καὶ
558 701 704 789 φύλακες
744 698 810 770 ὑπὸ
851 706 910 791 τῆς
952 706 1082 782 ἐνδείας

61 808 328 896 ἀναγκαζόμενοι
361 804 476 896 άγριοί
505 808 542 875 τέ
567 813 631 876 είσι
662 823 733 889 τοῖς
764 811 904 896 νομεῦσι
936 809 992 876 καὶ
1020 805 1080 877 αύ-

60 914 142 996 τούς
170 915 352 1003 πόρρωθεν
381 913 509 994 ἰδόντες
536 917 794 1002 περινλακτούσι
821 915 877 983 καὶ
906 911 986 982 οὐδὲ
1013 918 1082 982 τῶν

60 1021 245 1112 προβάτων
273 1017 466 1108 ἀπέσχοντο.
507 1022 659 1100 τοιούτος
686 1019 748 1107 μὲν
776 1021 829 1088 ἐπὶ
849 1022 1083 1109 στρατοπέδων

61 1126 78 1198 ὁ
107 1141 278 1216 γενναῖος,
306 1127 399 1196 πόλει
427 1125 464 1194 δὲ
493 1124 602 1214 σωτὴρ
629 1126 685 1194 καὶ
708 1125 873 1214 κηδεμών,
902 1123 976 1194 οὔτι
1002 1125 1083 1208 τοὺς

24 1266 47 1304 10
61 1239 194 1318 ἔξωθεν
225 1233 333 1321 μόνον
365 1229 535 1321 άπείργων
566 1232 750 1314 κινδύνους
783 1230 864 1302 οὐδὲ
891 1230 1079 1301 άντιταττό-

59 1353 164 1430 μενος
192 1335 211 1406 ά
240 1341 296 1408 καὶ
324 1337 568 1427 ἐπιστρατεύων
586 1340 769 1429 βαρβάροις
797 1345 934 1426 γείτοσι·
963 1338 1082 1408 στάσιν

60 1448 99 1516 δὲ
129 1447 272 1534 ἐξαιρῶν
303 1446 359 1513 καὶ
387 1449 449 1531 ἔθη
483 1443 638 1535 μοχθηρά
665 1448 721 1514 καὶ
753 1444 887 1535 τροφὴν
919 1448 975 1515 καὶ
1003 1443 1121 1516 άκο-Ο

60 1558 187 1622 λασίαν
213 1554 282 1619 τῶν
301 1557 465 1639 μεγίστων
484 1554 597 1618 κακῶν
614 1553 746 1640 παρέξει
766 1552 952 1641 ῥᾳστώνην.
980 1550 1082 1641 ύβριν

62 1658 101 1727 δὲ
137 1660 294 1747 ἐξείργων
325 1658 383 1726 καὶ
419 1663 632 1745 παρανομίαν
664 1659 719 1726 καλ
752 1655 888 1727 άδικίαν
923 1659 980 1727 καὶ
1013 1661 1081 1726 ἐπι-

23 1797 48 1836 15
63 1771 198 1852 θνμίαν
230 1761 374 1852 άμέτρον
401 1763 547 1850 κτήσεως
576 1764 661 1851 [καὶ]
690 1762 748 1845 τὰς
780 1766 816 1832 ἐκ
843 1764 973 1834 τούτων
1000 1762 1081 1832 άνα-

63 1873 239 1959 φνομένας
267 1869 398 1950 στάσεις
424 1871 481 1938 καὶ
509 1875 622 1956 ἔριδας
653 1876 701 1951 είς
729 1868 830 1938 οὐδὲν
858 1867 1004 1958 χρηστὸν
1031 1897 1081 1938 τε-

63 1976 233 2058 λεντιόσας
261 1973 341 2045 οὐδὲ
368 1973 429 2063 την
457 1973 563 2065 ἀρχὴν
583 1972 730 2058 άνέξεται
758 1978 875 2063 φῦναι,
902 1977 1095 2060 γενομένας

64 2084 102 2152 δὲ
133 2079 178 2164 ὡς
206 2089 257 2152 ένι
284 2083 422 2171 τάχιστα
451 2078 609 2170 άφανίσει
636 2082 692 2150 καὶ
720 2080 863 2162 ἐξελάσει
890 2083 949 2168 τῆς
976 2075 1082 2148 αὑτοῦ

63 2190 201 2269 πόλεως.
237 2189 376 2277 Ιλήσεται
395 2187 433 2257 δὲ
461 2185 566 2257 αὐτὸν
585 2185 698 2269 οὐδεὶς
724 2184 871 2278 ὑπερβάς
887 2183 948 2255 τὸν
975 2185 1083 2274 νόμον

26 2298 122 2366 ιοκαλ
156 2295 373 2384 βιασάμενος,
407 2291 486 2383 (ού)
520 2297 648 2382 μάλλον
679 2290 700 2382 ἢ
733 2296 801 2362 τῶν
833 2298 1001 2386 πολεμίων
1033 2321 1083 2376 τις

64 2401 126 2472 τὸν
154 2401 290 2491 χάρακα.
333 2401 442 2489 φύλαξ
470 2395 552 2469 δὲ
527 2427 575 2468 ων
603 2397 733 2487 άγαθδς
750 2404 819 2469 των
837 2389 1009 2488 νόμων,’
991 2407 1082 2487 αμεί-
1101 2410 1127 2462 D

65 2536 138 2578 νων
165 2513 257 2576 ἔσται
286 2507 561 2596 δημιουργός,εί
584 2533 662 2575 ποτε
690 2506 805 2596 καιρὸς
831 2509 887 2576 καὶ
914 2507 996 2593 τύχη
1024 2534 1081 2575 κα-

65 2621 154 2702 λοίη·
183 2616 239 2683 καὶ
268 2611 408 2700 οὐδεμία
435 2640 562 2701 μηχανι
584 2618 694 2682 πείθει
712 2611 773 2683 τὸν
800 2616 955 2682 τοιοῦτον
973 2616 1081 2701 ψεύδη

66 2723 121 2790 καί
159 2725 323 2809 κίβδηλον
354 2720 411 2788 καὶ
443 2719 553 2788 νόθον
589 2734 659 2800 τοῖς
696 2722 859 2808 κειμένοις
896 2719 1083 2805 ἐπεισάγειν

6 2825 8 2877 ÷
33 2828 183 2916 ωνόμον,
213 2824 255 2895 ού
283 2830 409 2914 μάλλον
436 2820 456 2912 ἢ
484 2840 554 2906 τοῖς
582 2821 687 2894 αὑτοῦ
715 2828 809 2894 παισὶ
842 2826 999 2895 δούλειον
1027 2827 1083 2893 καὶ

6 2913 9 2969 ί

135 3056 148 3101 1
176 3043 221 3101 θά
241 3064 308 3109 σονς
329 3049 355 3099 V
423 3050 440 3099 4
466 3040 625 3100 ἐνδέονται
647 3047 691 3114 Η]
715 3041 863 3101 ἒνδέοιντο
938 3051 953 3097 9
980 3037 996 3098 ό
1019 3061 1084 3111 γεν-

67 3122 150 3179 ναιος
170 3118 226 3170 VM
260 3120 402 3183 γενναιος.
431 3116 497 3166 lese.
515 3121 596 3182 putat
618 3109 750 3168 deesse
734 3109 857 3194 ηγεμάν
887 3114 997 3164 Atvid.
1016 3112 1083 3164 900

69 3193 95 3236 et
112 3186 295 3305 Themisnp.
313 3185 381 3235 4οΑ
404 3187 432 3233 et
453 3183 521 3233 430
549 3182 553 3250 Ι
579 3176 647 3243 τούς
665 3181 733 3249 VM]
756 3183 813 3234 τῶν
883 3184 913 3231 11
939 3169 1080 3247 ηκαλ]
1063 3199 1082 3245 η

68 3253 95 3302 Μ
146 3257 179 3304 12
199 3202 540 3333 έξαίρωνῩΜΙέβημο
560 3249 646 3330 δηρά
658 3249 691 3317 V]
711 3242 846 3316 μοχθηρά
863 3245 923 3325 ἔθη
983 3251 1013 3298 15
1031 3247 1082 3299 καὶ

14 3334 15 3338 ¹
69 3321 181 3373 inclusit
199 3321 226 3370 H
297 3323 328 3371 17
347 3315 503 3386 γενομένας
521 3322 548 3369 Μ
579 3311 734 3400 γενόμενος
751 3319 784 3377 V,
786 3308 946 3396 γενόμενα
965 3335 981 3367 v
1052 3318 1086 3367 18

71 3383 111 3439 ἔνι
129 3406 182 3441 om.
200 3388 225 3436 V
246 3379 293 3450 Ι’
275 3390 401 3452 αφανιεῖ
416 3386 538 3438 Cobetus
559 3387 563 3451 Ι
588 3379 678 3438 αύτού
695 3382 736 3451 H]
755 3378 847 3436 αὐτού
916 3387 949 3436 20
967 3376 1001 3434 ού
1021 3383 1086 3433 εδδ

70 3456 103 3505 Η.
133 3457 171 3510 ef.
190 3455 265 3506 infra
288 3457 312 3506 D
385 3457 417 3504 21
441 3446 603 3536 φάρακαν
672 3455 705 3504 23
728 3443 798 3504 ούδέ
817 3451 871 3516 μία
889 3453 914 3503 V
941 3453 945 3517 Ι
972 3450 1086 3516 πείθειΙ

8 3514 17 3577 ἶ
71 3523 163 3575 πείσει
181 3523 273 3573 malim
342 3524 376 3573 24
394 3514 583 3589 ἐπεισάγειλί
647 3522 686 3572 25
705 3510 793 3574 αύτοο
811 3520 874 3573 VM

120 3616 198 3656 Iulian
199 3616 255 3656 πεῖ.
884 3614 902 3667 g
