2416 3864
114 147 178 221 312
414 157 559 217 Ιυιιεαι
576 160 823 214 Ιαευαευοιιιε

114 290 172 374 τῆς
204 281 338 376 Ἑλένης
373 285 452 377 παρ’
491 294 688 376 Αἰγυπτίων
728 287 921 377 μαθούσης,
962 285 1025 376 ούχ
1066 275 1155 359 ὅσα

107 389 274 480 Ἕλληνες
296 395 351 462 καὶ
382 397 490 483 Τρῶες
523 392 686 483 ἀλλήλους
718 399 880 483 ἔδρασαν,
913 391 996 463 ἀλλὰ
1028 421 1131 464 ποτα·
1192 418 1195 423 ’

115 496 200 580 πούς
217 497 315 584 ,εἶναι
342 497 404 590 χρὴ
431 498 510 581 τούς
537 500 674 591 λόγους,
703 507 739 569 οἳ
762 498 822 581 τάς
848 500 911 589 μὲν
938 497 1132 589 ἀλγηδόνας

110 603 346 695 ’ἀφαιρήσουσι
372 608 443 675 τῶν
460 609 589 694 ψυχῶν,
617 604 832 695 εὐφροσύνης
851 606 888 674 δὲ
906 608 963 675 καλ
982 606 1131 695 γαλήνης

117 721 218 781 αίτιοι
253 713 526 800 καταστήσονται.
576 714 632 782 καί
669 713 733 803 γάρ
770 738 841 793 πως
877 719 986 781 ἔοικεν
1006 703 1158 801 ήδονὴι

116 819 172 887 καὶ
192 817 278 906 λύπη
297 821 356 906 τῆς
383 815 485 905 αύτής
502 821 656 909 κορυφῆς
682 821 827 907 ἐξῆφθαι
850 819 905 886 καί
924 816 1014 908 παρὰ
1032 820 1134 908 μέρος

63 950 113 999 241
123 921 279 1013 ἀλλήλαις
317 921 626 1013 ἀντιμεθίστασθαι.
675 927 743 993 τῶν
778 923 1058 1013 προσπιπτόντων
1095 926 1133 994 δὲ

117 1032 173 1099 καί
200 1029 241 1099 τὰ
268 1037 345 1100 λίαν
374 1030 505 1120 ἐργώδη
534 1033 640 1118 φασὶν
659 1035 695 1100 οἱ
719 1031 822 1116 σοφοί
851 1032 1003 1121 τρόινούν
1022 1036 1134 1119 ἔχοντι

117 1139 233 1227 φέρειν
266 1134 329 1206 ούκ
361 1137 521 1206 έλάττονα
547 1140 606 1225 τῆς
638 1141 818 1217 δυσκολίας
845 1133 908 1223 τὴν
936 1133 1134 1224 εύπάθειαν,

118 1244 187 1312 ἐπεὶ
214 1244 270 1312 καί
301 1241 364 1331 τήν
396 1245 549 1331 μέλιτταν
577 1245 613 1310 ἐκ
645 1245 703 1331 τῆς
730 1242 931 1331 δριμυτάτής
963 1243 1049 1331 πόας
1075 1246 1134 1332 τῆς
1148 1275 1171 1315 ιο
1198 1292 1203 1299 ·

118 1349 192 1435 περὶ
233 1346 293 1417 τὸν
330 1344 489 1436 Ὑμηττὸν
534 1349 707 1437 φυομένης
746 1357 905 1436 γλυκεῖαν
946 1345 1135 1436 ἀνιμᾶσθαι

119 1453 246 1543 δρόσον
272 1454 328 1522 καὶ
355 1457 416 1523 τοῦ
444 1454 574 1541 μέλιτος
602 1453 689 1522 εἶναι
716 1454 932 1544 δημιουργόν.
969 1451 1054 1523 ἀλλά
1078 1457 1135 1524 καὶ

118 1562 186 1628 τῶν
219 1559 382 1648 σωμάτων
414 1555 477 1630 ὅσα
509 1560 571 1649 μὲν
602 1556 733 1646 ύγιεινά
769 1561 824 1630 καί
859 1563 1012 1648 ῥωμαλέα
1049 1572 1158 1631 καθ’

120 1668 267 1754 έστηκεν,
280 1724 281 1727 ι
296 1662 362 1736 ύπὸ
390 1669 458 1736 τῶν
476 1666 648 1754 τυχόντων
666 1667 821 1756 τρέφεται
849 1673 981 1751 σιτίων,
1009 1669 1065 1735 καὶ
1093 1667 1135 1737 τὰ

78 1776 266 1862 Βδυσχερή
308 1777 475 1843 δοκούντα
515 1772 672 1865 πολλάκις
713 1774 852 1854 ἐκείνοις
894 1769 957 1840 οὐκ
1003 1771 1134 1862 ἀβλαβῆ
1149 1805 1172 1845 15

120 1877 238 1966 μόνον,
266 1875 350 1948 ἀλλά
376 1881 433 1949 καί
459 1882 518 1967 τής
546 1879 661 1967 ίσχύος
688 1887 778 1947 αίτια
806 1881 957 1965 γέγονεν·
986 1875 1079 1961 ὅσοις
1098 1879 1136 1950 δὲ

120 1985 275 2075 πονήρως
307 1991 373 2073 ἔχει
404 1986 506 2072 φύσει
537 1986 593 2055 καλ
624 1987 733 2075 τροφή
769 1986 824 2053 καί
856 1985 1065 2072 ἐπιτηδεύσει
1096 1986 1134 2054 τὸ

121 2095 231 2181 σῶμα,
263 2080 324 2160 τὸν
350 2091 459 2182 πάντα
492 2098 570 2179 βίον
600 2090 893 2178 νοσηλευομένοις,
920 2089 1052 2173 τούτοις
1079 2093 1136 2160 καὶ

120 2197 160 2266 τὰ
187 2196 382 2283 κουφότατα
408 2197 597 2285 βαρυτάτας
625 2206 724 2266 είωθε
751 2198 970 2284 προστιθέναι
998 2197 1136 2289 βλάβας.

122 2301 249 2372 ούκούν
281 2304 336 2370 καί
368 2306 427 2391 τῆς
458 2306 612 2384 διανοίας
644 2300 718 2371 ὅσοι
749 2302 811 2391 μὲν
843 2299 949 2383 οὕτως
981 2304 1136 2391 ἕπεμελή-
1151 2335 1176 2374 ιο

121 2419 245 2495 θησαν,
273 2403 318 2488 ὡς
345 2407 389 2496 μη
417 2408 643 2496 παμπονήρως
660 2414 758 2496 ἔχειν,
786 2404 858 2477 ἀλλ’
888 2404 1057 2494 ὑγιαίνειν
1080 2437 1136 2497 με-

121 2521 230 2602 τρίως,
259 2519 290 2582 εί
315 2515 371 2582 καί
399 2511 545 2602 μὴκατὰ
573 2512 635 2602 τήν
660 2511 895 2594 Ἀντισθένους
921 2515 977 2583 καί
995 2517 1137 2604 Σωκρά-

81 2637 201 2700 οτους
234 2621 350 2709 ῥεόμην
377 2619 461 2713 μηδὲ
492 2618 555 2708 τήν
581 2623 835 2700 Καλλισθένους
861 2617 1024 2709 ἀνδρείαν
1051 2623 1138 2710 μηδὲ

121 2724 183 2815 τήν
214 2726 416 2814 Πολέμωνος
447 2723 630 2814 ἀπάθειαν,
668 2723 741 2796 ἀλλ’
776 2723 860 2795 ὥστε
892 2724 1065 2796 δύνασθαι
1097 2727 1137 2797 τὸ

122 2833 256 2921 μέτριον
288 2834 325 2900 έν
356 2847 426 2913 τοῖς
456 2832 621 2914 τοιούτοις
652 2837 837 2922 αἱρεῖσθαι,
869 2829 973 2919 τυχὸν
1005 2829 1048 2901 ἀν
1080 2837 1138 2902 καὶ
1152 2864 1177 2905 τι

123 2941 160 3008 ἐν
187 2941 451 3028 δυσκολωτέροις
482 2936 730 3030 εύφραίνοιντο.
776 2937 840 3024 ἐγώ
868 2964 919 3007 τοι
952 2939 1008 3007 καί
1036 2937 1140 3022 αύτὸς

208 3124 224 3175 5
248 3115 303 3188 γάρ
320 3139 380 3182 πως
398 3121 466 3188 VM}
491 3114 545 3189 γάρ
568 3121 628 3183 πῶς
713 3124 729 3172 6
751 3119 802 3187 τῆς
825 3115 916 3188 αύτης
939 3122 1073 3204 κορυφῆς
1095 3117 1139 3188 ἐξ·

124 3189 239 3256 η’φθαι]
261 3190 333 3242 plat.
351 3190 493 3242 Phaedon.
515 3207 541 3255 p.
560 3191 627 3242 6οΒ
714 3193 729 3242 7
751 3183 892 3254 ἀλλήλαις
909 3186 976 3254 VM]
1000 3186 1139 3258 αλλήλοις

124 3261 156 3309 10
174 3255 248 3322 φασὶ
265 3258 326 3312 add.
344 3261 373 3309 M
391 3264 455 3308 ante
473 3249 547 3318 πόας
617 3260 648 3307 12
666 3253 867 3322 μέλιττοςῩΜ
936 3258 968 3308 18
986 3260 1142 3324 νοσηλευο-

72 3337 74 3342 ·
123 3322 223 3387 μένοις
241 3323 286 3391 Μ]
314 3319 538 3392 νοσηλευόμενοι
607 3327 639 3376 19
662 3321 770 3404 εἴωθε]
785 3323 877 3388 Hujus
894 3324 956 3375 loco
974 3324 1079 3377 lacuna
1095 3337 1139 3377 est

22 3412 30 3445 ἡ
123 3395 153 3444 in
171 3400 227 3459 pet.
296 3395 414 3451 202321
434 3386 659 3461 ἐπεμελήθησαν
677 3383 715 3450 οἱς
732 3407 772 3458 μη
789 3381 985 3510 παμπογήρως
1003 3389 1082 3460 ἔχειν
1099 3394 1138 3459 M}

39 3491 41 3495 -
124 3454 347 3526 ἐπεμελήθησαν
375 3477 396 3512 ω
403 3498 528 3512 ........
534 3455 666 3537 πονήρως
692 3455 771 3525 ἔχειν
792 3461 825 3516 V,
854 3451 889 3510 έπ
940 3454 976 3525 μδ
1005 3454 1133 3528 λήθη...

125 3525 203 3592 έγειν
222 3544 239 3578 ν
309 3531 341 3577 24
359 3520 510 3578 ἀπάθειαν
529 3527 595 3594 VM]
616 3523 781 3579 ευπάθειαν
