2414 3862
129 141 193 207 596
314 152 329 168 ··
433 136 576 188 rumam
591 132 844 186 mraarroms

131 281 299 347 ονείδιστα
322 271 406 361 πρὸς
428 269 596 356 εὔκλειαν,
621 267 662 338 οὐ
684 266 746 356 τὴν
767 271 833 337 νῦν
852 266 976 355 μόνον,
1001 267 1088 337 ἀλλὰ
1106 269 1151 336 καλ

132 389 180 464 είς
206 381 408 451 ιὸν..-ἔπειτα
435 377 576 508 χρόνον,
609 373 654 455 ὡς
677 372 739 462 οὐχ
762 373 883 462 όμοιόν
906 403 945 461 γε
969 374 992 463 ἡ
1019 375 1153 444 Παύλου

132 493 342 574 συκοφαντία
374 486 429 554 καὶ
461 482 483 571 ἡ
515 487 578 552 τοῦ
610 488 720 562 δεῖνος
752 488 861 568 κρίσις
891 497 964 562 τοῖς
998 481 1067 553 ὑπὸ
1100 487 1154 552 σοι]
1188 565 1189 569 ¹

131 594 358 682 γραφομένοις
394 591 521 678 λόγοις
567 592 676 657 έκεῑνα
713 588 775 676 μέν
811 587 877 699 γὰρ
911 587 1094 658 ἀνθοῦντα
1125 615 1153 657 τε
1184 605 1188 617 “

134 702 278 788 ἐμισεῖτο
301 700 357 767 καὶ
380 698 571 784 συναπέσβη
590 709 661 777 τοῖς
679 686 854 783 δράσασιν,
878 699 914 764 oi
931 696 970 764 δὲ
990 698 1047 765 σοὶ
1067 697 1169 783 λόγοιν

133 805 190 873 καὶ
218 807 284 873 νῦν
311 801 376 871 ὑπὸ
405 830 474 871 των
502 800 639 890 ἀληθῶς
662 800 880 890 Ἑλλήνων’
861 807 1155 889 αγαπῶνιαι,και

142 915 190 990 είς
216 908 277 978 τὸν
305 913 415 977 ἔπειτα
443 908 585 997 χρόνον,
618 912 648 976 εί
674 907 719 995 μή
746 934 778 975 τι
806 908 1001 996 σφάλλομαι
1024 915 1155 996 κρίσεως

142 1013 264 1103 ὀρθῆς,
296 1011 535 1102 ἀγαπήσονται.
580 1013 686 1103 πεόσχ
715 1012 757 1102 δὴ
784 1013 920 1100 λοιπόν,
952 1020 986 1081 εί
1008 1013 1155 1093 πέπεικας

88 1145 129 1187 ιιι
143 1147 199 1208 με,
226 1123 354 1206 μᾶλλον
378 1120 417 1188 δὲ
439 1121 674 1207 μεταπέπεικας
696 1117 779 1206 ὑπὲρ
800 1116 1077 1207 Ἀριστοφάνους.
1116 1120 1153 1207 μὴ
1195 1128 1196 1131 ’

138 1232 286 1312 νομίζειν
319 1222 425 1293 αὐτὸν
456 1224 593 1313 ἡδονῶν
624 1224 748 1313 ἥττονα
779 1225 836 1292 καὶ
867 1225 1053 1312 χρημάτων
1085 1224 1176 1313 ὁμου

137 1334 236 1415 λογῶ.
269 1337 305 1398 τί
325 1331 363 1423 δέ
387 1328 430 1399 οὐ
451 1331 558 1417 μέλλω
581 1334 627 1423 τῷ
652 1330 917 1422 φιλοσοφωτάτφ
941 1332 1001 1399 καὶ
1023 1339 1153 1418 φιλαλη-

138 1435 291 1527 θεστότφ
314 1441 382 1505 των
405 1435 560 1525 ῥητόρων
583 1447 702 1518 είκειν;
734 1438 844 1505 ἕπεται
867 1439 924 1505 καί
947 1436 1066 1521 τὸρέπὶ
1088 1439 1152 1508 τοό-
1201 1439 1204 1518 λ

137 1569 208 1623 τοις
239 1543 329 1633 παρὰ
365 1547 428 1613 σοῦ
460 1547 797 1633 προσανερωτᾶσθαι·
838 1550 874 1612 τί
902 1537 966 1613 οὖν
998 1543 1041 1630 οὐ
1068 1572 1152 1634 μετα-

138 1654 276 1739 τίθεμεν
307 1648 397 1742 αὐτῷ
429 1649 488 1730 τὰς
521 1649 697 1739 συμφορὰς
728 1656 775 1730 είς
806 1647 931 1737 ἀμείνω
965 1652 1072 1740 τύχην
1105 1654 1151 1721 καλ

140 1752 347 1844 ἀφανίζομεν
364 1755 404 1825 τὰ
423 1756 632 1844 κατασχόντα
652 1755 708 1824 διὰ
727 1756 784 1837 τὰς
803 1761 1013 1844 δυσπραγίας
1031 1756 1151 1844 rivatim
1162 1783 1177 1822 ο

140 1863 214 1932 σόν
241 1890 281 1931 τε
306 1859 364 1931 δύ’
391 1863 609 1950 ἐρχομένω,
641 1869 762 1949 φασίν,
790 1861 854 1948 ἐγὼ
878 1865 933 1932 καὶ
957 1863 1003 1933 σὺ
1025 1871 1152 1951 βουλευ-

142 1970 289 2057 σόμεθα.
336 1973 465 2048 δίκαιος
493 1969 531 2036 δέ
558 1967 588 2036 ελ
614 1966 660 2055 μὴ
688 1966 932 2056 συμβουλεύειν
954 1971 1081 2059 μόνον,
1110 1971 1152 2040 ὅτι

142 2072 204 2161 χρὴ
240 2081 385 2161 βοηθεῖν
421 2071 522 2162 ἀνδρί
558 2072 638 2153 τοὺς
668 2073 773 2153 θεοὺς
802 2071 933 2156 ἀδόλως
964 2078 1151 2165 τετιμηκότι,

140 2177 301 2249 ἀλλὰκαὶ
325 2176 367 2247 ὃν
390 2177 452 2267 χρὴ
475 2177 610 2267 τρόπον.
653 2184 761 2247 καίτοι
783 2183 882 2247 τοῦτο
906 2178 1012 2269 ᾐνίξω
1035 2184 1151 2270 τρόπον

140 2285 225 2354 τιυά.
270 2287 406 2371 βέλτιον
439 2284 477 2352 δέ
504 2293 584 2364 ίσως
612 2282 695 2372 ὑπὲρ
723 2287 790 2352 τῶν
820 2284 987 2353 τοιούτων
1016 2285 1059 2355 οὐ
1084 2288 1178 2377 γρά-ιο

141 2416 234 2476 φειν,
267 2388 353 2457 ἀλλά
376 2390 592 2474 διαλέγεσθαι
614 2388 699 2478 πρὸς
722 2382 893 2476 ἀλλήλους.
941 2394 1073 2481 ἔρρωσό
1094 2409 1152 2484 μοι,’

141 2491 265 2581 ἀδελφέ
289 2493 508 2562 ποθεινότατε
530 2496 586 2563 καί
609 2496 879 2583 προσφιλέστατε.

361 2669 429 2754 [οέ.
473 2667 695 2751 Ἰουλιανός
718 2676 938 2765 Βασιλείᾳ]

236 2810 279 2879 Τὸ
305 2813 455 2899 ἔμφυτόν
478 2839 536 2900 μοι
560 2815 595 2880 έκ
613 2813 780 2881 παιδόθεν
799 2814 950 2900 γαληνὸν
969 2818 1027 2885 καὶ
1045 2817 1152 2905 φιλόν-

141 2928 284 3005 θρωπον
303 2918 397 3005 μέχρι
416 2944 453 3003 γε
471 2922 533 2986 τοῦ
551 2919 718 3007 παρόντος
735 2919 1019 3008 ἐπιδεικνύμενος,
1037 2924 1182 3031 πάυταςιι

210 3072 298 3156 4μεν
316 3080 380 3132 Vat.
401 3078 476 3145 1353]
496 3096 539 3131 τε·
596 3075 670 3146 Ὶμή
688 3098 716 3132 τι
733 3080 799 3132 Vat
817 3079 895 3158 1353]
905 3098 953 3157 μη
956 3099 987 3134 τε
1057 3080 1154 3149 8ἀγα·

143 3138 330 3211 κριθήσονται
348 3148 419 3197 idam
473 3150 503 3196 11
522 3153 550 3198 et
570 3151 600 3198 12
620 3142 864 3228 φιλαληθεστάττμ
882 3145 939 3199 τῶν
958 3150 1055 3217 Hrch]
1077 3155 1154 3216 φιλα-

80 3273 82 3276 ⁴
144 3212 234 3277 ληθεῖ
273 3217 304 3263 12
323 3205 355 3265 τό
374 3215 436 3266 Vat.
455 3212 527 3279 s.v.]
546 3231 584 3282 ιφ
622 3218 654 3266 16
673 3211 725 3266 σόν
744 3231 780 3267 τε
793 3207 841 3266 δύ’
846 3199 1029 3285 ἐρχομένω]
1037 3220 1153 3281 iliada,

141 3283 192 3330 224
239 3283 270 3331 18
290 3274 443 3341 ἀδόλωςΙ.
460 3282 491 3337 O.
512 3266 637 3343 Wolfius]
656 3275 781 3342 ἀδόλους
830 3287 863 3334 23
881 3286 999 3348 Legitur
1016 3287 1085 3338 haec
1103 3286 1155 3352 epi

141 3347 212 3398 stola
236 3349 306 3398 inter
330 3350 472 3413 Epistolas
494 3352 594 3403 Basilii
611 3352 708 3416 Magni
725 3352 799 3401 Tom.
818 3352 870 3402 111
888 3370 915 3417 p
936 3356 985 3403 122
1004 3355 1046 3408 ad.
1065 3352 1154 3405 Bened.

141 3416 282 3479 Integram
305 3417 411 3468 subieci
433 3420 584 3485 scripturae
607 3419 792 3470 diversitatem
816 3420 941 3472 codicum
964 3421 1001 3484 G,
1032 3420 1154 3473 Vaticani

140 3482 218 3545 434(
209 3481 306 3547 (=x),
325 3484 454 3536 Vaticani
471 3485 583 3553 573(=
595 3485 644 3552 y‚)
658 3486 777 3538 Palatini
796 3488 935 3551 146(=z
920 3489 978 3554 αλλ
939 3485 1147 3555 )Βασιλειῳ]
