2416 3864
138 118 202 184 284
437 118 581 170 mmm
602 116 851 169 ιΜΡιεεεΑΤοκΙε

139 249 295 336 φανεροῖς
335 246 577 334 αἰνιττομένου.
626 246 694 314 ποῦ
730 242 794 333 γάρ
831 238 852 330 ἡ
894 244 1025 330 γένεσίς
1067 248 1158 316 ἐστιν

139 351 250 443 ὥσπερ
280 348 496 441 Ἡρακλέους,
530 348 617 420 οὕτω
651 349 688 419 δὲ
718 353 775 418 καὶ
808 350 998 437 Διονύσου,
1033 356 1157 440 ἔχουσα

139 460 200 549 μὲν
232 457 270 527 τὸ
303 474 453 548 κρεῖττον
484 459 540 527 καί
577 453 740 546 ὑπερέχον
777 457 832 525 καί
866 458 1089 547 ἐξῃρημένον,
1123 463 1157 528 ἐν

139 570 184 660 τῷ
223 571 343 658 μετρίῳ
381 564 418 635 δὲ
455 561 544 652 ὅμως
580 568 627 633 ἔτι
664 564 724 650 τῆς
764 559 983 652 ἀνθρωπίνης
1022 565 1156 652 φάσεως

101 687 120 742 C
140 676 289 762 μένουσα
312 678 371 740 καί
395 697 464 752 πως
484 668 737 759 άφομοιουμένη
756 667 839 759 πρὸς
865 665 967 758 ἡμᾶςς
992 666 1175 761 Ἡρακλῆςε

141 780 178 865 δὲ
205 781 334 866 λέγεται
361 784 498 848 παιδίον
531 776 690 865 γενέσθαι
722 777 777 845 καὶ
806 774 888 845 κατὰ
916 775 1037 867 μικρὸν
1066 776 1155 871 αὐτῷ

140 884 177 955 τὸ
206 888 302 974 σῶμα
328 882 366 953 τὸ
393 895 492 955 θεῖον
516 886 703 969 ἐπιδοῦναι,
730 885 787 951 καὶ
810 885 968 971 φοιτῆσαι
997 886 1155 968 διδασκά-

86 1001 89 1007 ’
140 1002 211 1074 λοις
240 991 426 1081 ἱστόρηται,
458 993 515 1060 καὶ
542 989 810 1081 στρατεύσασθαι
837 977 966 1075 λεῆνεται
993 993 1051 1060 καί
1080 1021 1154 1083 κρα-

140 1102 238 1187 τῆσαι
266 1097 412 1185 πάντων,
439 1112 558 1185 καμεῖν
587 1095 623 1166 δὲ
643 1093 731 1183 ὅμως
758 1096 813 1164 καὶ
842 1093 879 1163 τὸ
909 1098 1012 1184 σῶμα.
1050 1105 1157 1168 καίτοι

141 1202 233 1298 αὐτῷ
266 1206 369 1272 ταῦτα
401 1203 462 1290 μὲν
499 1199 639 1293 ὑπῆρξε,
676 1201 833 1289 μειζόνως
865 1200 902 1270 δὲ
933 1198 954 1291 ἢ
988 1201 1061 1272 κατ’
1100 1204 1154 1275 άν-
1167 1228 1184 1266 1⁰

106 1333 109 1339 ·
140 1321 291 1399 θρωπον.
345 1305 400 1377 ὅτε
436 1307 499 1398 γάρ
537 1311 575 1377 ἐν
610 1320 680 1388 τοῖς
717 1307 922 1399 σπαργάνοις
959 1306 1156 1399 άποπυίχων

141 1414 221 1496 τοὺς
237 1413 439 1511 ᾔδράκοντας
471 1417 527 1483 καὶ
558 1410 642 1504 πρὸς
674 1410 760 1484 αὐτὰ
797 1416 1089 1504 παραταττόμενος
1114 1417 1156 1487 τὰ

99 1524 201 1608 Βτῆς
229 1520 363 1609 φάσεως
390 1536 545 1610 στοιχεῖα,
573 1521 686 1610 θάλπη
715 1523 771 1591 καὶ
798 1522 961 1611 κρυμοός,
990 1521 1062 1592 εἶτα
1090 1540 1157 1606 τοῖς

142 1624 369 1718 ἀπορωτάτοις
400 1629 456 1696 καί
489 1625 729 1717 άμαχωτάτοις,
762 1629 875 1719 ἐνδείᾳ
907 1629 992 1714 λέγω
1030 1635 1157 1720 τροφῆς

141 1736 198 1803 καὶ
230 1737 364 1826 ἐρημία,
396 1736 453 1804 καί
484 1733 546 1823 τὴν
579 1731 624 1803 δι’
659 1731 766 1803 αὐτοῦ
796 1741 936 1824 πορείαν
970 1733 1064 1823 οἶμαι
1097 1740 1157 1806 τοῦ
1167 1754 1183 1796 1⁵

141 1840 307 1928 πελάγους
339 1842 392 1910 ἐπὶ
424 1844 482 1929 τῆς
518 1845 643 1932 χρυσῆς
675 1839 824 1928 κύλικος,
856 1837 899 1928 ἣν
937 1839 1002 1928 ἐγὼ
1035 1850 1156 1931 νομίζω

141 1945 187 2036 μα
214 1947 293 2030 τοὺς
323 1945 428 2029 θεοὺς
460 1945 503 2017 οὗ
528 1948 649 2018 κύλικα
682 1945 783 2033 εἶναι,
815 1951 954 2033 βαδίσαι
987 1947 1025 2016 δὲ
1054 1947 1157 2019 αὐτὸν

143 2050 187 2137 ὥς
215 2057 268 2124 ἐπὶ
297 2057 396 2144 ξηρᾶς
414 2057 472 2143 της
499 2054 667 2141 θαλάττης
689 2053 858 2141 νενόμικα.
894 2055 927 2121 τὶ
945 2053 1009 2143 γάρ
1029 2053 1158 2146 άπορον

141 2152 184 2249 ἦν
208 2157 376 2249 Ἡρακλεῖ;
408 2166 444 2229 τί
469 2157 501 2230 δ’
533 2157 595 2249 οὐχ
628 2156 821 2248 ὑπήκουσεν
853 2157 960 2229 αὐτοῦ
993 2164 1040 2253 τῷ
1072 2169 1157 2255 θείω

142 2269 198 2334 καὶ
234 2266 463 2359 καθαρωτάτῳ
505 2266 648 2354 στόματι,
689 2268 757 2335 τῶν
797 2268 986 2354 λεγομένων
1027 2268 1189 2338 τούτωνιθ

142 2379 315 2458 στοιχείων
352 2371 585 2441 δουλευόντων
622 2369 728 2442 αὐτοῦ
764 2375 804 2462 τῇ
842 2377 1065 2464 δημιουργικῇ
1104 2377 1158 2445 καὶ

89 2480 368 2570 ενοτελεσιουρχῷ
396 2480 457 2547 τοῦ
481 2475 649 2569 άχράντου
668 2481 723 2548 καὶ
741 2481 898 2569 καθαροῦ
916 2481 980 2548 νοῦ
1000 2481 1158 2571 δυνάμεις

142 2580 184 2652 ὃν
216 2580 234 2652 ὁ
267 2584 369 2672 μένας
400 2582 485 2666 Ζεὺς
517 2584 573 2654 διά
605 2588 663 2674 τῆς
679 2633 681 2639 1
695 2591 867 2675 Προνοίας
896 2582 1057 2683 Ἆθηνᾷς,
1091 2583 1176 2658 ἐπι-“

143 2688 265 2778 στήσας
293 2687 383 2782 αὐτῷ
402 2691 537 2779 φύλακα
555 2691 617 2780 τήν
635 2690 719 2761 θεὸν
747 2689 883 2778 ταύτην,
912 2688 994 2778 ὅλην
1022 2694 1056 2773 ἐξ
1076 2691 1157 2763 ὅλον

141 2799 324 2886 προέμενος
352 2792 469 2885 αυτοῦ,
496 2826 541 2891 τω
569 2798 683 2890 κόσμω
712 2800 844 2886 σωτῆρα
872 2798 1067 2885 ἐφύτευσεν,
1095 2797 1189 2869 ετί’5

69 2895 71 2898 ’
143 2903 332 2992 ἐπανηχαχε
365 2902 421 2972 διὰ
453 2907 515 2973 τοῦ
545 2910 728 2995 κεραυνίου
760 2902 867 2993 πυρὸς
903 2902 986 2994 πρὸς
1025 2906 1157 3002 ἑαυτόν,

144 3007 208 3079 ὑπὸ
241 3037 287 3078 τω
320 3016 403 3078 θείω
437 3003 627 3098 συνθήματι
659 3011 717 3097 τῆς
744 3015 898 3143 αἰθερίας
926 3006 1033 3098 αόγης
1064 3039 1158 3099 ηκειν

205 3219 244 3266 1
271 3214 329 3267 ποῦ
350 3217 465 3268 Reket
454 3188 564 3282 tHJ
547 3232 621 3267 οπου
707 3219 722 3267 2
746 3207 920 3279 Ηρακλέους
945 3215 983 3296 Η]
1004 3184 1160 3280 Ηρακλέος

145 3286 160 3334 5
179 3275 333 3363 Ηρακλης]
356 3285 428 3337 Ante
451 3284 504 3335 hoc
525 3299 625 3334 nomen
643 3284 762 3334 lacunae
780 3284 888 3349 signum
908 3287 976 3334 est
969 3300 998 3333 1n
1016 3291 1072 3350 pet
1144 3288 1159 3335 9

144 3348 205 3416 καί]
227 3344 301 3402 κατά
320 3351 346 3401 Η
434 3355 465 3403 10
488 3344 562 3403 κατά
581 3353 629 3402 V
692 3354 721 3401 ll
743 3339 790 3404 ὅτε
808 3349 873 3416 γαρ]
891 3352 923 3401 In
941 3352 993 3402 hoc
1013 3353 1075 3402 loco
1092 3367 1160 3430 μου·

144 3418 221 3468 nulla
241 3423 289 3468 aut
308 3425 437 3485 corrupta
454 3426 502 3470 aut
519 3419 617 3470 mutila
634 3434 693 3470 esse
711 3419 779 3471 Rsk.
799 3421 942 3469 annotavit
1013 3421 1044 3469 17
1062 3410 1103 3485 μά
1121 3415 1159 3482 Η]

144 3481 190 3550 νὴ,
200 3478 269 3536 vid
290 3486 326 3535 ad
343 3487 428 3536 212ss
497 3489 529 3538 25
548 3480 638 3539 αὑτοῦ
658 3484 695 3551 Η]
713 3481 806 3539 αὐτου
825 3485 829 3550 J
850 3480 912 3538 εἶτα
931 3488 955 3537 V
