2436 3870
141 127 205 192 350
443 126 586 179 ιοοιεαι
608 127 852 178 ιωοεοεεοεεε
948 112 949 115 ’

76 304 77 307 =
141 254 258 344 κύριος
290 244 334 342 ἦν
364 255 421 323 καί
453 255 566 342 μέντοι
599 250 655 322 διά
692 252 799 340 πάσης
832 251 937 324 αὐτὸν
974 251 1070 342 άγων
1102 260 1154 345 τῆς

143 349 303 442 Κελτίδος
330 374 401 442 ταῖς
419 360 556 429 πόλεσιν
575 359 796 429 ἐπιδεικνύειν
823 360 879 429 καὶ
903 359 1014 451 ῶσπερ
1043 364 1154 451 ἐντρυ-
1207 384 1209 466 η

144 469 214 555 φάν
232 468 294 534 τοῦ
308 470 547 555 Χνοδομαρίου
566 480 638 546 ταῖς
657 481 848 554 συμφοραῖς
867 463 995 552 [οὐδεὶς
1010 468 1155 555 ἐκῶλυε].
1208 504 1209 548 4

99 572 273 651 υτούτων
301 568 403 641 οὐδὲν
432 568 550 664 ᾠήθην
578 577 651 640 δεῖν
678 570 850 661 πράττειν,
877 569 961 642 ἀλλὰ
987 572 1074 662 πρὸς
1100 572 1155 643 τὸν

143 677 381 748 Κωνστάντιον
408 674 512 747 αὐτὸν
540 674 669 760 εύθέως
696 673 880 766 άπέκεμψα,
908 678 982 747 τότε
1007 676 1073 748 άπὸ
1093 682 1176 748 τῶνε

144 784 314 854 Κουάδων
331 785 387 852 καί
406 785 638 872 Σαυροματῶν
657 782 846 853 ἐπανιόντα.
884 785 1010 873 συνέβη
1030 791 1155 872 τοίνυν,

144 892 227 979 ἐμοῦ
244 890 305 978 μὲν
324 886 589 978 ἀγωνισαμένου,
617 891 748 958 ἐκείνου
772 889 810 958 δὲ
828 885 1034 972 ὁδεύσαντος
1053 891 1156 979 μόνον

143 997 199 1065 καί
233 1001 351 1085 φιλίως
383 995 581 1084 ἐντυχόντος
611 1009 683 1076 τοῖς
713 999 914 1085 παροικοῦσι
945 996 1007 1065 τὸν
1026 995 1156 1087 Ἵστρον

145 1108 292 1188 ἔθνεσιν,
321 1097 382 1189 ούχ
408 1097 504 1189 ἡμᾶς,
532 1096 604 1170 ἀλλ’
634 1103 764 1170 ἐκεῖνον
786 1105 1023 1190 θριαμβεῦσαι.
1060 1102 1099 1173 τὸ
1118 1102 1156 1190 δὴ

144 1207 225 1296 μετὰ
252 1209 350 1277 τούτο
370 1206 524 1296 δεύτερος
552 1206 705 1287 ἐνιαυτὸς
727 1207 782 1275 καί
805 1214 926 1296 τρίτος,
954 1210 1011 1277 καὶ
1038 1210 1158 1290 πάντες
1169 1235 1192 1275 ιο

144 1312 206 1401 μὲν
234 1301 438 1399 άπεληλαντο
466 1316 525 1409 τῆς
552 1318 717 1392 Γαλατίας
744 1316 780 1380 οί
804 1313 982 1404 βάρβαροι,
1009 1324 1159 1384 πλεῖσται

146 1417 183 1486 δὲ
215 1415 458 1506 άνεληφθησαν
488 1421 565 1486 τῶν
588 1419 735 1503 πόλεων,
771 1428 981 1508 παμπληθεῖς
1019 1421 1058 1490 δὲ
1096 1419 1158 1511 άπὸ

144 1527 203 1611 τῆς
229 1528 450 1614 Βρεττανίδος
482 1527 567 1606 ναῦς
599 1521 805 1612 ἀνήχθησαν.
852 1526 1035 1606 ἑξακοσίων
1068 1531 1159 1614 νηῶν

92 1626 324 1719 γεοάνήγαγον
351 1629 482 1718 στόλου,
511 1622 559 1699 ῶν
585 1628 644 1712 τάς
663 1637 877 1718 τετρακοσίας
903 1633 940 1700 ἐν
968 1628 1051 1701 οὐδὲ
1071 1630 1160 1715 ὅλοις

145 1739 226 1826 μησὶ
254 1738 334 1807 δέκα
360 1737 663 1825 ναυπηγησάμενος
689 1734 798 1817 πάσας
815 1736 997 1825 εἰσήγαγον
1024 1743 1073 1820 είς
1100 1737 1159 1808 τόν
1172 1763 1195 1804 ιτ

142 1839 276 1932 Ῥῆνον,
308 1849 409 1932 ἔργον
437 1839 479 1912 ού
507 1841 627 1932 μικρὸν
660 1839 716 1911 διὰ
743 1839 823 1923 τούς
849 1845 1079 1932 ἐπικειμένους
1105 1847 1158 1915 καί

68 1952 72 1955 ’
145 1952 392 2039 παροικούντας
422 1955 565 2037 πλησίον
596 1947 797 2039 βαρβάρους.
843 1944 874 2039 ὁ,
890 1953 976 2037 γοῦν
1005 1952 1159 2041 Φλωρέν-

145 2082 215 2137 τιος
252 2053 359 2136 οὕτως
396 2051 477 2148 ῶετο
514 2057 614 2124 τοῦτο
655 2051 846 2141 άδύνατον,
884 2052 968 2124 ῶστε
1007 2053 1159 2146 άργύρου

147 2167 309 2251 δισχιλίας
349 2167 462 2250 λίτρας
502 2156 660 2248 ύπέσχετο
706 2157 833 2248 μισθὸν
874 2158 1046 2230 ἀποτίσειν
1092 2177 1161 2246 τοῖς

147 2267 330 2356 βαρβάροις
366 2262 450 2355 ὑπὲρ
486 2269 545 2355 τῆς
579 2265 749 2356 παρόδου,
785 2268 841 2335 καὶ
874 2262 891 2336 δ
924 2268 1196 2350 Κωνστάντιοςω

145 2369 229 2461 ὑπὲρ
258 2371 379 2441 τούτου
406 2372 540 2460 μαθῶν·
569 2370 862 2488 ἐκοινῶσατοΙγδιρ
890 2370 981 2466 αύτῷ
1009 2376 1162 2463 περὶτῆς

110 2477 285 2559 Βδύσεως·
313 2474 497 2546 ἐπέστειλεν
515 2475 596 2548 αὐτὸ
624 2478 708 2584 πρός
730 2505 780 2566 με,
807 2478 965 2569 πράττειν
992 2481 1161 2567 κελεύσας,

143 2589 179 2666 εί
204 2581 248 2671 μὴ
275 2583 487 2652 παντάπασιν
515 2584 655 2674 αἰσχρόν
681 2612 738 2672 μοι
766 2590 898 2673 φανείη.
944 2588 1015 2666 πῶς
1043 2587 1081 2655 δὲ
1099 2584 1162 2656 ούκ

147 2681 190 2778 ἦν
218 2689 368 2779 αἰσχρόν,
396 2686 484 2758 ὅπου
502 2695 727 2788 Κωνσταντίῳ
751 2693 907 2760 τοιοῦτον
935 2690 1056 2780 ἐφάνη,
1085 2699 1161 2762 λίαν

147 2795 283 2866 εἰωθότι
310 2795 511 2885 θεραπεύειν
538 2795 618 2877 τοὺς
644 2796 851 2890 βαρβάρους;
879 2797 985 2885 ἐδόθη
1005 2796 1073 2886 μὴν
1101 2796 1160 2867 αύ-
1174 2822 1197 2864 ω

146 2918 217 2987 τοῖς
245 2900 359 2974 οὐδέν·
387 2898 458 2972 ἀλλ’
489 2902 539 2971 ἐπ’
571 2899 694 2984 αύτούς
717 2902 931 2992 στρατεύσας,
958 2899 1162 2991 άμυνόντων

234 3148 356 3223 1ίὶγαν]
379 3153 462 3207 είλων
481 3160 535 3221 pet.
622 3158 638 3204 2
655 3145 772 3206 πόλεσιν
790 3155 827 3222 V]
847 3149 948 3208 πόλεσι
1029 3161 1045 3210 3
1065 3152 1163 3219 ούδελς

137 3219 254 3278 ’ἐκῶλυε
278 3225 381 3276 delevit
399 3221 465 3278 Cob,
550 3224 570 3273 8'
590 3221 698 3286 φιλίοις
722 3223 789 3278 Rsk.
876 3227 907 3274 12
929 3217 1120 3292 παμπλήθεις
1138 3227 1164 3278 V

149 3295 181 3343 13
204 3291 254 3359 τῆς
273 3290 353 3358 θοο]
378 3285 431 3358 γῆς
463 3293 467 3353 Ι
501 3289 710 3357 βρετανίδοςν
743 3290 747 3356 Ι
781 3289 853 3351 ναύς
877 3297 905 3342 et
926 3291 1018 3358 νηῶν,
1042 3295 1163 3346 vitiosae

149 3361 262 3424 formae,
279 3360 400 3411 librariis
418 3359 546 3437 videntug
564 3358 659 3440 potius
678 3358 774 3408 deberi
792 3375 874 3437 συρτει
891 3360 945 3425 ἱροί
962 3361 1072 3413 Iuliano
1129 3364 1163 3413 22

149 3423 293 3480 ἐπέστειλε
311 3419 381 3490 πρός
399 3442 435 3490 με
453 3419 486 3478 τὸ
506 3441 576 3478 αυτο
596 3423 733 3490 πράττειν
752 3427 888 3486 κελευοας
907 3427 1060 3480 Horkelius
1129 3431 1164 3482 26

147 3487 205 3561 μὴν
224 3492 262 3554 Η]
282 3490 336 3559 μὲν
405 3496 438 3546 26
455 3485 501 3544 ἐπ’
522 3491 557 3557 V]
578 3484 625 3544 ἐπὶ
