2446 3870
151 125 212 189 140
451 126 594 179 ιοοιεαι
617 124 864 177 ιΜΡειιΑΤοιοε

150 253 187 322 δὲ
226 255 259 334 ἐξ
297 252 445 333 ἐνδόξων
482 252 693 338 ἐνδοξότερος
734 252 929 339 γενόμενος,
971 254 1003 332 ἐς
1039 248 1164 322 ταῦτου

150 357 249 448 ἀρετή
281 361 339 446 τής
375 357 477 447 τύχης
514 358 694 445 πνεοῦσης,
732 349 831 438 οῦτος
868 354 985 426 οῦδενλ
1023 362 1165 428 δίδωσιν

151 462 299 551 ἀπορεῖν,
328 470 359 532 εί
384 467 443 552 τῆς
471 462 641 551 εὐγενείας
668 463 804 545 εἰκότως
831 477 1064 553 μεταποιεῖται.

165 605 174 621 ·
231 567 379 658 Εῦσεβία
408 573 455 657 δέ,
483 572 558 660 περὶ
585 561 625 658 ἧς
653 565 670 638 ὁ
699 570 812 658 λόγος,
840 585 917 651 παῖς
944 570 1006 658 μὲν
1033 566 1165 641 ὑπάτου

151 679 278 764 γέγονε,
306 673 429 764 γαμετή
449 679 489 745 δέ
505 680 574 745 ἐστι
597 677 759 764 βασιλέως
778 673 947 773 ἀνδρείου,
976 675 1193 766 σώφρονος,5

151 785 308 869 συνετοῦ,
342 787 491 870 δικαίου,
528 785 675 873 χρηστοῦ
706 784 762 851 καλ
792 782 903 873 πρᾴου
936 784 992 851 καὶ
1024 792 1165 870 μεγαλο-

150 889 277 977 ψύχου,
311 884 359 973 ῦςΙ
381 887 494 978 ἐπειδή
522 889 680 981 πατρῴαν
708 879 816 958 οῦσαν
849 886 939 981 αύτῷ
966 886 1029 976 τήν
1057 885 1165 979 ἀρχήν

115 993 367 1083 Βάνεκτήσατο,
394 992 599 1084 ἀφελόμενος
624 997 686 1064 τοῦ
713 1002 771 1086 βίᾳ
799 995 971 1082 λαβόντος,
999 993 1111 1083 μάμου
1130 1023 1165 1065 τε

152 1104 256 1170 ἐδεῖτο
284 1099 367 1188 πρὸς
395 1105 526 1170 παίδων
553 1103 701 1188 γένεσιν,
729 1107 765 1169 οἳ
789 1100 1080 1191 κληρονομήσουσι
1107 1105 1166 1190 τής

74 1227 101 1276 ι
150 1211 246 1296 τιμής
277 1208 332 1275 καὶ
364 1209 423 1294 τής
460 1209 627 1294 ἐξουσίας,
664 1206 790 1294 ταύτην
826 1204 924 1288 ἀξίαν
951 1212 1070 1294 Ιἔκρινε
1107 1212 1166 1296 τῆς
1181 1230 1209 1270 1⁰

151 1318 331 1392 κοινωνίας
366 1309 513 1399 γεγονὼς
549 1311 613 1401 ήδη
651 1313 773 1401 σχεδόν
808 1340 839 1381 τι
871 1317 929 1402 τής
967 1315 1167 1402 οἰκουμένης

152 1415 280 1505 ἀπάσης
312 1417 435 1507 κύριος.
481 1425 589 1487 καίτοι
610 1422 690 1500 πῶς
722 1417 765 1488 ἀν
791 1446 841 1501 τις
872 1426 1006 1508 μείζονα
1038 1447 1165 1509 μαρτυ-

152 1531 229 1613 ρίαν
257 1523 457 1612 ἐπιζητήσειε
484 1528 599 1612 τήσδε;
629 1522 670 1594 οῦ
688 1525 797 1614 μόνον
823 1527 973 1615 περὶτῆς
997 1521 1167 1612 εὐγενείας

117 1627 265 1718 Οαῦτής,
292 1626 375 1720 ῦπδρ
403 1631 440 1699 δέ
468 1627 626 1701 ἀπόντων
653 1627 774 1718 ἁπλοῦς,
802 1628 865 1700 ὅσα
883 1635 968 1721 χρήν
992 1629 1085 1719 οίμαι
1102 1631 1166 1720 τήν

152 1744 283 1824 βασιλεῖ
308 1737 457 1828 τοσούτω
477 1741 673 1825 συνιοῦσαν,
702 1737 854 1827 καθάπερ
873 1736 1004 1828 φερνήν
1027 1746 1166 1807 οίκοθεν
1182 1761 1208 1800 15

152 1845 406 1933 ἐπιφερομένην,
433 1850 578 1934 κομίζειν
596 1841 726 1931 ἀγαθοί,
753 1849 910 1913 παιδείαν
928 1840 1053 1933 ὀρθήν,
1082 1845 1164 1913 σύν-

151 1970 223 2019 εσιν
256 1953 391 2040 ἐμμελῆ,
425 1949 534 2041 ἀκμήν
566 1953 623 2020 καλ
657 1948 751 2041 ὥραν
782 1950 935 2038 σώματος
962 1952 1018 2019 καὶ
1044 1951 1166 2034 κάλλος

152 2060 326 2146 τοσοῦτον,
355 2054 439 2127 ὥστε
457 2055 731 2148 ἀποκρύπτεσθαι
758 2056 816 2140 τάς
834 2056 934 2140 ἀλλας
961 2061 1166 2149 παρθένους,

152 2167 303 2254 καθάπερ
340 2164 433 2254 οίμαι
469 2168 544 2256 περὶ
579 2170 620 2255 τῇ
657 2167 777 2255 σελήνη
815 2164 992 2255 πληθούση
1026 2170 1061 2233 οἱ
1091 2171 1166 2234 δια·

152 2287 272 2358 φανείς
303 2269 438 2361 ἀστέρες
464 2273 745 2361 καταυχαζόμενοι
776 2272 964 2362 κρύπτουσι
994 2269 1057 2359 τήν
1084 2299 1166 2361 μορ·
1181 2266 1215 2332 τί

152 2376 231 2465 φήν.
277 2381 315 2445 ἓν
344 2376 407 2464 μὲν
439 2376 501 2468 μὰρ
538 2377 668 2448 τούτων
705 2376 785 2448 οῦδὲ
818 2382 855 2446 ἓν
887 2380 1037 2468 ἐξαρκεῖν
1074 2383 1171 2447 δοκεῖ

152 2480 236 2571 πρὸς
259 2488 443 2558 κοινωνίαν
462 2488 633 2573 βασιλέως,
660 2484 769 2567 πάντα
788 2484 825 2554 δὲ
844 2481 922 2572 ἅμα,
951 2480 1061 2573 ὥσπερ
1079 2486 1168 2553 θεοῦ

117 2609 242 2669 Βτινος
269 2586 388 2682 ἀγαθῷ
416 2598 548 2678 βασιλεῖ
572 2591 678 2681 καλήν
700 2592 755 2661 καὶ
775 2589 936 2679 σώφρονα
963 2590 1168 2670 πλάττοντος

152 2691 214 2783 τήν
242 2695 390 2784 νύμφην,
418 2703 465 2779 είς
493 2695 595 2766 τοῦτὸ
630 2696 883 2784 συνεληλυθότα
905 2695 1085 2786 πόρρωθεν
1109 2697 1167 2765 καὶ

153 2799 216 2872 οῦκ
248 2799 313 2872 ἀπὸ
345 2806 415 2872 νῦν
450 2801 609 2894 όμμάτων
645 2803 896 2892 ἐφελκυσάμενα
927 2802 1015 2890 μάλα
1048 2797 1166 2890 ύλβιου
1180 2823 1205 2862 2⁵

152 2901 211 2997 ήχε
238 2908 299 2979 τὸν
331 2917 490 2999 νυμφίον.
535 2910 655 2992 κάλλος
685 2910 747 2998 μὲν
774 2908 839 3000 γὰρ
870 2912 928 2997 τής
955 2912 991 2978 ἐκ
1022 2911 1085 2977 τοῦ
1113 2908 1166 2994 γ’ἐ-

152 3044 234 3096 νους
261 3023 423 3105 βοηθείας
445 3018 501 3086 καὶ
528 3020 597 3085 τῶν
624 3015 735 3086 ἀλλων
762 3013 905 3103 ἀγαθῶν
932 3013 1025 3104 οίμαι
1053 3013 1167 3104 στερό-

221 3224 373 3293 3είιιῦτως
390 3234 493 3288 add.V
562 3230 728 3299 9ηέννεσιν
745 3233 770 3282 V
823 3235 854 3284 10
872 3230 967 3299 τιμής]
985 3229 1038 3298 χής
1056 3231 1082 3282 V
1120 3233 1168 3281 ·1·2

68 3351 71 3357 ,
154 3305 182 3351 et
201 3302 233 3350 13
259 3300 419 3368 μαρτυρίαν
446 3296 494 3352 ἐπι
510 3296 623 3380 ητήσειε
642 3297 676 3366 V]
704 3292 774 3363 ἐπιζ.
793 3317 876 3367 μαρτ,
963 3303 995 3350 13
1022 3296 1111 3365 τῆσδε
1128 3295 1168 3366 V]

153 3365 204 3431 τῆς
222 3362 256 3419 δὲ
309 3370 340 3419 19
353 3373 382 3418 ελ
394 3372 428 3421 20
445 3384 498 3428 περ
529 3385 564 3434 τη
583 3361 688 3436 σελήνη
705 3393 739 3402 -
756 3361 882 3434 μορφήν]
902 3366 1018 3434 Spectat
1038 3365 1169 3450 Sapphus

153 3436 251 3499 fragm.
276 3437 292 3485 3
315 3437 431 3501 Bergk.;
453 3435 510 3485 vid.
533 3436 644 3499 Heyler.
667 3435 704 3485 ad
721 3437 790 3501 Epp.
813 3453 838 3502 p.
858 3438 906 3485 242
993 3436 1025 3484 21
1045 3428 1117 3485 οῦδε
1134 3427 1169 3484 ἐν

152 3498 187 3564 V)
204 3491 295 3565 οῦδὲν
312 3500 319 3566 J
339 3495 470 3567 ἐξαρκεῖν
490 3501 581 3570 δοκεῖ]
600 3496 717 3568 ἐξαρκεῖ
731 3504 773 3552 M-
