2408 3856
453 164 456 169 ·
501 151 637 204 οεετιο
655 154 678 204 1.
1056 154 1113 219 43,

135 307 213 362 ντες
248 276 330 368 ήμῖν
368 275 578 368 ὑπήκουσαν,
611 284 645 359 ἐς
677 279 740 368 (τε)
773 277 853 360 τοὺς
889 280 1097 368 καταλόγους
1166 265 1169 269 ‚

131 415 141 451 ι
171 385 429 475 στρατευμάτων
456 385 682 473 ἐγγράφονται
708 385 765 453 καὶ
791 387 866 473 τέλη
894 389 1095 475 παρέχονται

127 490 210 581 ωτρά
242 480 334 581 παρά
365 493 434 559 τῶν
466 493 536 558 σῶν
567 491 748 580 προγόνων
780 493 836 559 καὶ
867 489 992 580 πατρὸς
1018 519 1094 560 κατ.

127 598 262 686 εγμένα·
299 597 432 685 εἰρήνης
469 595 506 663 δὲ
541 599 670 687 μακράς
706 597 762 665 καλ
798 599 866 665 τῶν
903 600 939 665 ἐκ
974 596 1097 686 ταύτης

115 707 220 773 ἀθῶν
253 699 494 787 ἀπολαύοντες,
532 702 712 790 ἐπιδούσης
749 700 865 783 αὐτοῖς
896 705 954 791 τής
985 702 1138 792 χῶραςΙ)

115 808 158 890 ῶς
185 811 335 878 πλοῦτον
362 809 417 876 καὶ
445 804 640 895 εὐανδρίαν,
667 809 724 876 καὶ
747 804 907 896 ἀδελφοῖς
934 823 1005 889 τοῖς
1023 824 1096 891 σοῖς

115 913 280 1004 ρατιῶτας
311 914 484 994 καταλέξαι
515 911 660 992 πολλοὺς
686 916 907 1001 παρέσχοντο,
935 916 1029 995 τέλος
1056 915 1094 984 δὲ

115 1024 119 1083 ἱ
147 1020 306 1110 τυράννῳ
334 1026 393 1113 βίη
420 1020 476 1086 καὶ
504 1016 546 1089 ού
573 1018 689 1106 γνῶμη
717 1020 883 1106 πανδημεὶ
911 1038 1093 1107 συνεστρα-

115 1126 224 1194 ύοντο.
273 1123 491 1212 ἠκολούθουν
532 1124 581 1192 ιλέ.
606 1121 697 1215 αύτῷ
738 1122 822 1193 κατά
857 1121 895 1192 τὸ
938 1125 1095 1210 ξυγγενὲς

23 1231 242 1333 ι,,,,α’μμαχοι
273 1230 525 1319 προθυμότατοι
559 1231 710 1319 Φράγγοι
742 1231 798 1324 καὶι
830 1231 993 1328 Σάξουες,
1026 1234 1096 1299 τῶν

41 1326 47 1333 ”
115 1337 160 1426 ιέρ
188 1334 248 1404 τὸν
272 1330 391 1424 Ῥήνου
417 1338 473 1404 καὶ
500 1333 563 1424 τήν
596 1338 752 1424 ἑσπερίου
779 1335 951 1405 θάλατταν
980 1338 1094 1405 ἐθνῶν

143 1440 366 1530 μαχιμώτατα.
402 1443 457 1509 καὶ
476 1441 570 1521 πόλις
597 1444 687 1509 πάσα
709 1443 765 1510 καὶ
793 1442 960 1531 φρούριον
988 1443 1090 1531 πρόσ-
1109 1463 1145 1514 35

115 1575 172 1616 κον
210 1543 314 1638 Ῥήνῳ
356 1549 423 1615 τῶν
465 1545 689 1616 ἐνοικούντων
730 1546 892 1634 φυλάκων
933 1549 1095 1636 ἐξερημω-

111 1654 182 1722 ἐντα
214 1656 399 1743 προθέιλοτο
432 1652 493 1739 μέν
525 1649 700 1739 ἀφύλακτα
727 1652 836 1721 πάντα
867 1668 937 1733 τοῖς
965 1653 1093 1743 βαρβά-

23 1789 67 1873 μω
76 1787 159 1848 ραις,
188 1756 239 1846 ἐφ’
268 1754 355 1846 ήμάς
382 1757 419 1827 δέ
447 1760 640 1845 ἐξεπέμπετο
668 1760 983 1846 παρεσκευασμένον
1010 1767 1092 1846 λαμ-

23 1875 30 1909 ²
64 1867 167 1954 ’”ρῶς
195 1863 232 1933 τὸ
261 1863 461 1953 στράτευμα
493 1866 583 1933 πάσα
611 1863 649 1932 δέ
676 1863 771 1955 ἐφ’κει
803 1864 896 1943 πόλις
925 1863 1090 1952 Γαλατική

115 1971 289 2061 ρατοπέόφ
335 1971 654 2060 παρασκευαζομένῳ
699 1967 783 2055 πρὸς
827 1967 990 2055 πόλεμον·
1036 1971 1092 2036 καλ

111 2075 185 2144 ίντα
212 2067 256 2162 ήυ
284 2073 396 2144 ὅπλων
423 2076 479 2143 καὶ
507 2076 718 2163 παρασκευῆς
747 2073 875 2141 ίππέων
901 2074 957 2140 καὶ
985 2076 1093 2154 πεζῶν

23 2246 53 2309 [³²
77 2183 132 2250 ...τί
158 2183 304 2262 τοξοτῶν
331 2183 387 2249 καὶ
415 2178 621 2250 ἀκοντιστῶν
647 2178 764 2269 πλήρη.
811 2177 1026 2268 συρρεόντων
1054 2177 1091 2247 δέ

85 2289 94 2310 ’
135 2285 199 2374 τήν
223 2283 366 2355 Ἰταλίαν
393 2282 629 2374 ἁπανταχόθεν
655 2288 724 2354 τῶν
751 2289 882 2354 ἐκείνου
911 2284 1133 2373 ξυμμάχωνΒ

111 2394 131 2461 ιλ
162 2407 234 2472 τοῖς
266 2395 415 2461 ἐνταῦθα
446 2391 548 2460 πάλαι
584 2393 845 2479 κατειλεγμένοις
879 2391 1094 2478 στρατιῶταις

134 2494 262 2566 ταύτὸυ
290 2498 477 2583 ἐλθόντων,
506 2495 618 2577 οὐδεὶς
646 2495 753 2577 οὕτως
781 2496 888 2584 ἐφάνη
917 2496 1093 2583 τολμηρός,

107 2632 112 2652 ·
140 2601 204 2673 οὐκ
232 2608 360 2671 ἐθεισευ
388 2600 468 2672 οὐδὲ
496 2602 654 2690 ἐξεπλάγη
688 2599 749 2671 τὸν
777 2601 912 2672 ἐπιόντα
939 2603 1093 2689 χειμῶνα.

111 2707 222 2798 ιηπτὸς
249 2709 357 2777 ἐδόκει
374 2712 478 2777 πᾶσιν
497 2705 515 2777 ὁ
544 2708 728 2797 φερόμενος
751 2705 816 2777 ἀπὸ
845 2710 914 2776 τῶν
935 2704 1094 2793 Ἄλπεων,

23 2853 67 2904 με
80 2813 223 2904 σκηπτὸς
255 2811 426 2903 ἀφόρητος
457 2820 544 2905 ἔργῳ
571 2815 627 2882 καὶ
654 2812 797 2904 ἀρρητος
829 2814 926 2905 λόγῳ.
972 2816 1095 2882 τοῦτον

23 2906 30 2941 n
85 2925 214 2990 ”ἳεισαν
239 2916 393 3010 Ἰλλυριοὶ
421 2922 477 2989 καὶ
505 2927 651 3000 Παίονες
682 2921 738 2988 καὶ
767 2923 894 3011 Θρήικες
920 2920 976 2987 καὶ
1004 2916 1094 2985 Σκύ-

23 3062 39 3141 ἐ
149 3093 540 3167 1ἀκοντεςΒε1(.]άλόντες
566 3100 571 3166 Ι
597 3093 767 3169 ύιτήκουσαν
784 3101 822 3169 Μ]
841 3095 1011 3152 ὑπείκουσιν
1037 3096 1042 3162 Ι
1069 3113 1100 3149 τε

107 3171 184 3236 [jecit
207 3172 295 3234 wytt.
378 3171 395 3219 4
422 3165 457 3221 δὲ
479 3167 552 3237 VM]
577 3167 628 3221 καλ
711 3172 727 3221 9
755 3165 806 3220 καὶ
829 3162 947 3230 σάξονες
974 3160 1100 3231 φράγγοι

107 3240 139 3290 λά
153 3239 178 3288 V
196 3243 259 3302 post
273 3226 350 3307 αύτῷ
393 3240 424 3288 10
438 3233 581 3303 ξύμμαχοι
593 3234 628 3304 V]
641 3229 788 3303 σύμμαχοι
802 3237 807 3299 Ι
823 3230 953 3301 Φράγγοι
968 3229 1018 3283 καλ
1038 3229 1099 3284 Σά-

107 3323 162 3364 ινες
185 3321 237 3356 om.
260 3305 286 3354 V
355 3307 385 3354 ll
409 3297 495 3371 ύπέρ]
520 3306 576 3354 Aut
591 3300 664 3369 περὶ
686 3302 862 3354 scribendum
885 3304 937 3378 aut!
956 3299 1009 3350 hoo
1033 3305 1099 3350 ante

37 3435 38 3440 ¹
100 3391 131 3440 jv
149 3364 289 3437 ἕσπερίαν
306 3372 462 3424 addendum
532 3374 564 3422 13
591 3363 781 3422 ἐνοικούντων
799 3365 834 3433 Η]
854 3363 1014 3420 οίκουντων
1067 3369 1100 3417 14

26 3441 29 3444 s
60 3437 298 3575 §effimm'fl
351 3443 384 3491 16
402 3430 561 3506 γαλακτική
580 3441 605 3490 V
660 3439 693 3488 20
712 3428 740 3495 ἐς
757 3432 825 3501 VM]
846 3431 889 3496 εἰς
911 3436 916 3502 Ι
940 3426 1098 3504 ξυμμάχων

170 3521 330 3573 συμμάχων

1117 3494 1181 3518 „affl
