2408 3856
483 182 619 233 ORATIO
638 184 660 236 1.
1014 182 1076 244 ²21
1136 170 1139 179 '

105 309 341 399 τοκρατόρων,
379 310 435 377 καί
472 304 517 390 ῶς
549 311 659 378 ἐκεῖνα
692 308 748 379 διὰ
781 312 917 398 μακρῶν
950 307 1083 378 ἀπωσά-

97 426 150 484 εθα
187 415 361 484 κινδύνων
398 414 439 483 τά
475 425 593 503 αἰσχη,
631 419 764 485 πολλῶν
801 418 857 484 καί
895 416 1084 505 σωφρόνων

69 519 321 610 αὐτοκρατόρων
350 517 654 610 ἀναμαχεσαμένων
686 520 726 590 τά
753 528 953 609 πταίσματος
986 529 1021 590 τί
1046 522 1084 591 δέ

68 627 124 716 χρή
156 631 225 696 τῶν
259 629 428 717 δευτέρων
460 625 679 715 ἀτυχημάτων
706 631 898 716 μεμνῆσθαι
931 628 987 695 καί
1015 631 1083 695 τῶν

34 751 38 819 fl·
52 731 111 804 τέκ’
132 731 248 815 αὐτοῖς
266 737 328 802 τοῦ
346 733 465 822 Κάρου
483 735 634 824 πράξεων
654 736 683 820 [,
703 731 805 822 ὅσπερ
824 732 904 822 μετά
922 732 981 815 τάς
1000 753 1082 823 συμ-
1104 762 1137 810 18

36 858 38 864 “
73 839 169 927 φοράς
209 836 316 929 ᾑρέθη
352 840 574 928 στρατηγός];
612 837 683 908 ἀλλ’
720 844 755 910 οῖ
788 839 851 928 τήν
882 839 1085 928 θαυμαστήν

31 952 34 960 ’
70 947 119 1013 καί
137 945 227 1036 παρὰ
246 949 351 1015 πᾶσιν
371 943 596 1034 ἀγαπωμένην
616 945 755 1035 εἰρήνην
774 947 983 1027 ἐπιτάξαντες
1001 950 1084 1016 έκεί-

93 1078 135 1132 οις
167 1050 276 1139 ἀχειν,
310 1056 346 1121 οἰ
376 1051 440 1142 πρὸ
473 1056 536 1122 τοῦ
569 1055 633 1121 σοῶ
665 1049 790 1139 πατρὸς
822 1050 884 1139 τήν
911 1058 1084 1139 βασιλείαν

93 1159 297 1246 ατασχόντες,
332 1155 395 1246 οάχ
427 1155 445 1228 ὁ
479 1159 540 1246 μέν
566 1173 689 1246 καῖσαρ
717 1156 792 1227 καθ’
824 1153 928 1226 αὑτὸν
956 1166 1084 1246 συμβα-

26 1261 132 1332 «πιιῶν
160 1268 305 1355 αἰσχρῶς
338 1261 538 1352 ἀπήλλαξεν;
572 1266 832 1353 ἐπιστραφέντος
864 1263 902 1332 δέ
933 1267 995 1333 τοῦ
1027 1268 1085 1352 τής

29 1410 34 1454 1
72 1373 261 1459 οἰκουμένης
294 1366 424 1458 ἀπάσης
456 1369 618 1462 άρχοντος
654 1373 709 1440 καί
742 1369 802 1451 τὰς
834 1370 993 1458 δυνάμεις
1024 1374 1084 1459 τής

22 1483 35 1508 ”’
71 1471 241 1563 ἀνεμονίας
275 1472 406 1566 ἀπάσης
438 1482 543 1547 έκεῖσε
574 1480 758 1568 τρέψαντος
791 1477 846 1545 καί
874 1487 1081 1566 προκαταλα-

28 1668 31 1673 *
71 1581 182 1666 ,όντος
200 1582 262 1664 τὰς
281 1581 436 1671 εἰσβολάς
455 1583 676 1673 στρατεύμασι
700 1584 755 1652 καί
774 1583 971 1669 καταλόχοις
990 1579 1081 1653 ὁπλι-
1101 1594 1124 1646 Β

70 1690 130 1756 τῶν
156 1692 309 1758 παλαιῶν
337 1690 391 1757 καί
420 1693 604 1759 νεολέκτων
632 1692 689 1760 καὶ
718 1693 945 1769 παντοδαπαῖς
977 1716 1082 1778 παρα-

22 1810 213 1882 ασκευαῖς,
252 1795 399 1876 δεδιότες
413 1796 519 1884 ’μόλις
546 1795 607 1885 τήν
636 1795 775 1884 εἰρήνην
807 1792 993 1882 ἠγάπησαν.
1040 1792 1083 1883 ἣν

20 1973 21 1977 χ
71 1897 126 1968 οάκ
154 1899 221 1969 οἷδ’
254 1898 345 1982 ὅπως
375 1903 549 1992 περιόντος
581 1908 642 1971 τοῦ
670 1902 794 1991 πατρὸς
821 1905 883 1969 τοῦ
910 1905 973 1969 σοῦ
1002 1923 1083 1987 συγ·

23 2037 27 2042 ·
71 2008 196 2091 χέαντες
228 2010 285 2075 καὶ
324 2010 609 2098 συνταράξαντες,
647 2012 704 2094 τής
741 2005 803 2094 μέν
839 2004 912 2093 παρ’
952 2009 1083 2099 ἐκείνου

18 2102 25 2195 [³
69 2120 222 2203 τιμωρίας
242 2113 441 2204 διήμαρτον,
466 2118 503 2184 ἐν
526 2131 598 2196 ταῖς
622 2112 706 2204 πρὸς
728 2110 789 2180 τόν
811 2111 957 2200 πόλεμον
976 2136 1081 2202 παρα-

18 2214 20 2301 ᾏ
68 2235 198 2301 σκευαῖς
224 2218 286 2289 τὸν
304 2226 382 2307 βίον
400 2222 672 2308 μεταλλάξαντος·
715 2220 769 2288 σοί
793 2217 830 2289 δέ
853 2213 1000 2307 ὑπέσχον
1022 2218 1084 2307 τήν

17 2315 162 2414 ζιοδίκην
190 2323 334 2415 ὕστερον
359 2330 427 2395 τῶν
454 2330 715 2417 τετολμημένων.
757 2326 886 2414 μέλλων
909 2326 947 2394 δέ
970 2331 1018 2423 ἔτι
1040 2325 1083 2414 δή

66 2435 129 2500 τῶν
162 2431 248 2521 πρὸς
280 2427 405 2514 αὐτοὺς
436 2431 580 2520 ἀμῶνων
613 2433 804 2522 γενομένων
841 2453 895 2501 σοι
926 2432 1083 2512 πολλάκις

14 2570 19 2631 5·
66 2534 228 2607 ἅπτεσθαι
260 2542 426 2609 τοσοῦτον
458 2538 538 2622 ἀξιῶ
567 2555 705 2610 σκοπεῖν
732 2537 812 2619 τοὺς
839 2536 1122 2628 ἀκροωμένους,0

13 2671 14 2674 ’
65 2640 112 2712 ὅτι
144 2648 208 2714 τοῦ
239 2652 354 2732 τρίτου
387 2654 509 2736 μορίου
541 2651 598 2735 τής
632 2645 734 2736 ἀρχής
766 2643 936 2726 καθεστὼς
968 2644 1083 2734 κύριος

9 2725 17 2858 ή
65 2748 219 2840 οὐδαμῶς
246 2749 331 2840 πρὸς
354 2750 413 2821 τὸν
436 2752 582 2842 πόλεμον
606 2755 775 2844 ἐρρῶσθαι
800 2755 996 2838 δοκοῦντος,
1022 2748 1083 2838 οὐχ

9 2853 192 2943 ἶωόπλοις,
218 2854 282 2925 οὐκ
305 2854 448 2948 ἀνδράσι
471 2875 541 2941 τοῖς
564 2860 853 2949 στρατευομένοις,
878 2855 992 2927 οὐδενὶ
1015 2859 1083 2925 τῶν

14 3030 18 3041 ,
63 2959 189 3049 ἀλλων,
220 2960 283 3031 ὅσα
310 2963 393 3054 πρὸς
420 2969 617 3053 τηλικοῦτον
644 2965 790 3053 πόλεμον
813 2967 913 3053 έχρήυ
937 2966 1083 3050 ἐπιρρεῖν

131 3219 145 3266 1
171 3208 210 3275 ῶς
228 3218 296 3268 Rsk.
317 3223 345 3270 et
367 3218 406 3285 H]
431 3215 475 3279 οἷς
546 3224 559 3269 l
579 3224 606 3272 et
631 3223 646 3270 2
670 3212 864 3281 ἀπωσόμεθα]
891 3212 932 3268 Cf.
951 3205 1084 3266 ῶθουντο

63 3283 131 3363 591)
152 3288 180 3334 et
198 3285 264 3334 64Β
334 3289 350 3337 5
368 3278 468 3352 Κάρου
485 3284 560 3354 Pet.]
580 3286 683 3353 καιροῦ
700 3287 704 3350 Ι
720 3276 808 3346 όσπερ
823 3282 893 3360 βεδε.
912 3286 940 3332 et
959 3280 1082 3346 Βουτοῖ]

62 3365 165 3414 ωσπερ.
191 3351 284 3404 Verba
301 3354 330 3404 in
347 3360 402 3420 pet.
415 3356 496 3405 uncis
508 3354 616 3405 inclusa
634 3354 727 3404 om.M
779 3345 907 3416 δηρέθη
925 3350 950 3399 V
1001 3352 1033 3401 10
1051 3347 1084 3400 δέ

63 3419 128 3470 add.
152 3418 212 3468 VM
290 3424 321 3472 11
346 3414 461 3488 ἁπάσης
483 3419 553 3489 VM]
576 3414 671 3487 πάσης
750 3420 781 3468 15
805 3412 936 3476 δεδιότες
959 3413 1083 3480 schaef]

63 3478 187 3545 ἀδοντες
209 3486 283 3554 VM,
307 3478 326 3539 ά
350 3483 464 3548 ἰδόντες
487 3506 505 3541 v
576 3491 606 3539 16
629 3480 794 3552 περιόντος]
819 3479 969 3552 περιόντος
993 3480 1034 3538 ἔτι
1057 3483 1160 3551 Ηώ-

65 3556 99 3605 23
116 3553 268 3615 καθεστώς
287 3549 384 3623 κάρτος
401 3554 438 3624 V]
460 3549 558 3621 κύριος
577 3545 727 3614 καθεστὼς
1063 3585 1065 3593 x
