2436 3870
136 137 200 202 402
435 138 580 191 IULIANI
602 137 854 189 IMPERATORIS

134 262 230 356 ’Ίπέρ
266 265 390 334 τοότου
427 267 480 351 δέ,
516 262 609 333 εἶπεν
646 261 664 334 ὁ
701 256 880 352 Σειληνός,
916 260 1019 332 οόδέν
1056 265 1151 351 λέγω·

138 374 327 460 φοβοῦμαι
349 369 414 459 γὰρ
450 367 557 439 αὐτοῦ
592 369 631 440 τὸ
659 376 736 439 λίαν
773 367 897 458 ἆπηνές
929 371 985 439 καὶ
1013 367 1152 460 άπαραί-

138 505 248 566 τητον.
308 472 353 558 ώς
393 475 430 545 δέ
471 483 605 564 ἔμελλεν
647 473 738 569 αὐτῷ
778 478 835 545 καὶ
874 474 916 544 τά
956 481 1166 564 παιδαρίδια.

139 583 391 673 συν(εισ)ιέναι,
423 582 604 673 πόρρωθεν
631 579 716 651 αὐτὰ
745 580 947 652 διεκώλυσεν
979 577 998 652 ό
1027 588 1153 664 Μίνως.

139 687 296 776 ἐπιγνοὺς
323 688 361 757 δὲ
390 691 506 776 σαφώς
532 687 592 757 τὸν
609 687 672 778 μὲν
693 687 858 777 νεώτερον
885 685 1005 777 άφῆκε,
1033 686 1095 757 τὸν
1118 688 1175 757 δέσ

87 795 372 887 313πρεσβότερον
411 801 574 884 τιμωρίαν
615 800 738 883 ἔπεμψε
778 801 923 863 τίσοντα.
977 803 1154 884 Μακρῖνος

101 965 103 967 ,
139 905 288 971 ἐνταῦθα
320 899 432 989 φυγάς
463 901 660 989 μιαιφόνος·
693 899 763 969 εἶτα
794 899 832 969 τὸ
865 903 901 969 ἐκ
931 903 990 989 τῆς
1019 897 1153 989 Ἐμέσης

139 1008 320 1098 παιδάριον
350 1007 465 1098 πόρρω
493 1032 560 1077 που
591 1010 659 1076 τών
688 1009 788 1099 ίερών
820 1004 1030 1094 άπηλαόνετο
1064 1032 1153 1096 περι-

140 1113 260 1201 βόλων.
310 1110 330 1183 ό
361 1140 400 1199 γε
435 1111 502 1201 μὴν
534 1113 648 1203 Σύρος
682 1110 896 1203 Ἀλέξανδρος
932 1113 969 1180 ἐν
1005 1112 1154 1201 ἐσχάτοις

140 1247 207 1290 που
233 1223 384 1307 καθῆστο
403 1217 465 1306 τὴν
493 1213 598 1287 αὑτοῦ
618 1216 798 1308 συμφορὰν
825 1217 1062 1306 ποτνιώμενος.
1098 1219 1186 1288 καὶιο

142 1321 159 1393 ό
184 1322 346 1413 Σειληνὸς
373 1322 590 1394 ἐπισκώπτων
617 1322 722 1394 αὐτὸν
749 1326 892 1411 ἐπεῖπεν,
914 1315 957 1392 Ὦ
983 1327 1075 1414 μώρε
1102 1325 1156 1393 καὶ

141 1432 225 1518 μέγα
262 1428 389 1519 νήπιε,
408 1432 601 1518 τηλικοῦτος
638 1427 687 1500 ών
724 1428 787 1500 οὐκ
823 1426 925 1511 αὐτός
960 1421 1059 1519 ἦρχες
1091 1433 1157 1499 τών

143 1539 300 1623 σεαυτοῦ,
332 1534 373 1605 τά
398 1535 548 1626 χρήματα
581 1536 618 1606 δέ
645 1539 780 1618 ἐδίδους
806 1540 846 1626 τῇ
878 1537 977 1625 μητρὶ
1009 1538 1067 1605 καὶ
1096 1533 1154 1606 οὐκ

102 1644 319 1731 Βέπείσθης,
357 1639 425 1735 ὅσω
463 1656 614 1733 κρεῖττον
651 1640 844 1713 ἀναλίσκειν
879 1634 924 1730 ἦν
965 1637 1052 1711 αὐτὰ
1089 1657 1156 1723 τοῖς

143 1755 254 1836 φίλοις
284 1746 305 1838 ἢ
337 1755 563 1838 θησαυρίζειν.
609 1746 693 1818 Ἀλλ’
729 1754 848 1836 ἔγωγε,
880 1746 972 1817 εἶπεν
1003 1743 1025 1836 ἡ
1058 1755 1188 1836 Δίκην

142 1855 268 1937 πάντας
287 1852 422 1942 αὐτούς,
451 1853 526 1925 ὅσοι
544 1861 704 1944 μεταίτιοι
723 1855 882 1942 γεγόνασι
899 1854 1041 1940 τούτων,
1060 1864 1155 1926 κολα-

143 1963 377 2052 σθησομένους
403 1960 602 2053 παραδώσω.
638 1962 694 2030 καὶ
722 1958 829 2042 οὕτως
847 1954 968 2048 άνείδη
987 1959 1026 2030 τὸ
1044 1959 1155 2050 μειρά-

143 2096 226 2137 κιον.
272 2069 325 2137 ἐπὶ
352 2067 459 2161 τοότφ
488 2071 662 2157 παρῆλθεν
689 2075 767 2136 είσω
787 2069 971 2154 Γαλλιηνος
998 2065 1080 2155 μετὰ
1097 2068 1156 2135 τοῦ

143 2173 281 2264 πατρός,
314 2169 331 2242 ὁ
360 2173 421 2261 μέν
446 2171 493 2243 ’τά
526 2172 631 2262 δεσμά
661 2176 720 2262 τῆς
751 2178 976 2261 αἰχμαλωσίας
1005 2178 1106 2260 ἔχων,
1137 2167 1177 2239 δ’

105 2279 182 2353 0δέ
210 2282 311 2368 στολῇ
333 2305 368 2348 τε
386 2282 443 2349 καλ
461 2278 589 2368 κινήσει
607 2279 777 2370 χρώμενος
803 2277 1075 2369 μαλακωτέρᾳ”
1048 2299 1187 2368 ωσπεριο

145 2388 183 2452 αί
145 2399 372 2471 αρνναῖκες.
417 2381 517 2455 καὶ
502 2413 519 2454 ο
548 2384 713 2474 Σειληνὸς
739 2383 823 2475 πρὸς
849 2384 910 2473 μέν
938 2387 1079 2473 ἐκεῖνον,

227 2532 285 2607 Τίς
311 2517 409 2607 οὗτος
436 2522 453 2595 ὁ
482 2526 700 2615 λευκολόφας,

223 2628 412 2722 Πρόπαρ“
394 2660 430 2714 ος
457 2628 584 2721 ἡγεῖται
612 2635 770 2722 στρατοῦ;

144 2780 225 2863 ἐφη,
252 2773 335 2865 πρὸς
363 2774 400 2844 δὲ
426 2773 486 2844 τὸν
514 2777 713 2862 Γαλλιῆνον,

145 3050 206 3086 cum
229 3034 246 3085 S
248 3034 376 3100 ylburgio
399 3031 448 3085 καλ
470 3026 639 3092 κολαστικός
662 3032 810 3099 legendum
833 3047 894 3083 esse
914 3047 1013 3082 censeo
1087 3035 1100 3080 1
1122 3023 1154 3081 δε

144 3102 206 3151 add
231 3102 366 3183 VMAug
452 3104 468 3152 3
494 3099 544 3151 καλ
572 3117 623 3151 om.
647 3105 720 3154 eant.
747 3107 804 3166 pet.
838 3098 841 3164 Ι
873 3098 1053 3164 παιδαρίδια
1079 3094 1152 3162 VM]

143 3165 287 3232 παιδάρια
355 3173 373 3220 4
390 3163 568 3221 συνεισιεναι
581 3167 616 3235 Η]
636 3163 769 3220 συνιέναι
839 3171 855 3219 5
873 3162 926 3232 μὲν
943 3183 999 3250 μιν
1013 3172 1088 3218 σουλ.
1101 3171 1155 3232 pet.

144 3230 281 3315 ’λέμίφης
299 3239 370 3316 Aug
389 3238 486 3313 spanh.
573 3234 678 3301 ὃπου]
701 3238 772 3288 not?
860 3238 891 3287 10
915 3231 1006 3286 αὐτοῦ
1024 3235 1155 3309 VMAug.

145 3308 175 3354 11
200 3295 306 3387 αότὸν]
330 3297 409 3374 αὐτῷ
431 3304 460 3352 Μ
483 3310 556 3355 cant,
579 3309 633 3369 pet.
649 3295 860 3370 Ιέττειπεν]
831 3308 911 3354 εὶττεν
930 3303 956 3353 Η
984 3300 1034 3367 λμ
1037 3297 1075 3367 ὦρ
1079 3317 1092 3353 ε
1112 3297 1154 3364 H]

144 3389 219 3456 μωρε
282 3374 337 3421 13
356 3356 398 3423 δε
409 3364 526 3430 εδίδους
544 3372 657 3437 VAu
678 3366 711 3422 δέ
731 3363 897 3433 ἐδίδωςΜ,
917 3320 1075 3433 διδοδςτρ
1126 3370 1157 3417 15

4 3502 7 3505 Ι
145 3433 225 3489 εἶκεν
248 3429 266 3501 ἡ
275 3437 361 3516 Δίκη
385 3437 601 3504 Sylburgius]s
588 3408 657 3490 εἷπε
674 3457 691 3504 η
713 3437 788 3504 Δίκη
806 3454 838 3500 ν,
865 3408 928 3489 εἷπε
947 3435 996 3506 τῆ
999 3436 1071 3516 δίκη
1093 3435 1157 3486 lIbri

16 3511 30 3545 k
141 3506 176 3556 16
193 3499 286 3558 αὐτοῦ
304 3506 329 3557 V
398 3509 431 3557 22
449 3508 513 3556 Eur.
532 3507 633 3558 Phoen
652 3509 700 3558 1λο
769 3505 870 3557 23τοῦ
890 3503 1011 3571 στρατοῦ
1030 3509 1085 3570 pet.
