2436 3870
143 163 206 227 396
328 179 332 184 ¹
444 164 587 216 ιοιιιαι
609 163 857 214 ιιιειιεεεοειε

143 292 284 377 μέγεθος
321 293 428 370 ἐκεῖνο
465 289 593 380 φράσαι
624 292 686 358 τοῦ
722 288 880 374 κάλλους,
918 284 1049 358 ὁπόσον
1092 288 1156 358 ἐπι,

103 398 260 486 Βπρίπει
296 399 336 485 τῇ
367 398 436 464 τῶν
472 398 564 465 θεῶν
602 393 686 476 όψει.
740 393 988 483 παρεσκεύαστο
1028 394 1066 464 δὲ
1103 397 1157 465 καὶ

143 516 213 582 τοῖς
254 499 365 582 ἄλλοις
405 512 500 582 θεοῖς
540 501 665 592 ἑκόστφ
706 499 835 589 θρόνος
873 496 895 588 ἦ
937 506 1035 588 κλίνη
1076 500 1158 570 κατὰ

84 608 85 611 '
143 612 334 695 πρεσβείαν.
369 605 459 696 ἤριζε
476 605 519 675 δὲ
534 604 656 691 οὐδείς,
684 603 756 674 ἀλλ’
777 602 859 695 ὅπερ
877 602 1026 694 Ὅμηρος
1045 604 1157 697 ὀρθῶς

144 716 251 782 ποιῶν
283 719 364 801 ἔφη,
396 717 511 781 δοκεῖν
542 739 599 799 μοι
635 710 725 801 παρὰ
756 713 824 780 τῶν
855 714 1011 780 Μουσῶν
1048 710 1179 782 αὐτῶνὸ

144 815 308 906 ἆκηκοῶς,
340 825 428 906 ἔχειν
460 820 601 887 ἕκαστον
632 819 701 885 τῶν
731 819 824 886 θεῶν
850 816 999 905 θρόνον,
1032 816 1087 907 ἐφ’
1118 811 1159 888 οὗ

144 925 275 1005 πάντως
294 921 385 1016 αὐτῷ
412 926 510 1012 θέμις
527 920 702 1011 καθῆσθαι
720 925 860 1011 στερεῶς
877 925 933 991 καὶ
961 920 1156 1014 ἆμετακινή-

143 1051 219 1111 τως·
249 1032 318 1099 ἐπεὶ
336 1028 495 1120 καὶπρὸς
520 1026 582 1116 την
600 1034 792 1118 παρουσίαν
809 1031 871 1097 τοῦ
898 1028 1024 1117 πατρὸς
1052 1033 1157 1112 ἐξανι-

144 1136 301 1224 στάμενοι
337 1136 558 1226 ταράττουσιν
595 1130 751 1222 οὐδαμῶς
786 1132 844 1214 τὰς
875 1136 1046 1224 καθέδρας
1078 1133 1158 1205 οὐδὲ

105 1247 404 1328 Ομεταβαίνουσιν
432 1238 512 1311 οὐδὲ
538 1236 795 1329 ὑφαρπάζουσιν
813 1237 977 1328 ἀλλήλων,
1005 1248 1157 1330 γνωρίζει
1168 1260 1190 1301 1⁰

145 1345 182 1415 δὲ
209 1349 346 1428 ἕκαστος
378 1345 415 1416 τὸ
443 1349 615 1437 προσῆκον
646 1341 744 1438 αὑτῷ.
790 1345 927 1414 πάντων
955 1337 1019 1415 οὖν
1047 1347 1157 1440 κόκλμ

144 1453 211 1520 τῶν
242 1455 335 1520 θεῶν
366 1455 584 1542 καθημένων,
621 1447 639 1520 ό
671 1449 834 1539 Σειληνὸς
870 1453 1036 1540 ἐρωτικῶς
1072 1461 1157 1542 ἔχειν

144 1584 201 1644 μοι
232 1560 344 1627 δοκῶν
375 1561 437 1628 τοῦ
469 1558 644 1628 Διονύσου
676 1559 782 1626 καλοῦ
814 1559 870 1627 καὶ
905 1558 987 1626 νέου
1019 1561 1077 1628 καὶ
1113 1562 1157 1653 τῷ

144 1666 243 1754 πατρὶ
270 1666 316 1755 τῶ
343 1666 405 1733 Διὶ
431 1669 667 1754 παραπλησίου
694 1669 837 1751 πλησίον
864 1660 985 1749 αὐτοῦ,
1013 1665 1158 1756 τροφεύς

100 1790 193 1850 nug
220 1764 274 1838 οἷα
301 1771 358 1840 καὶ
385 1769 609 1857 παιδαγωγός,
636 1771 798 1858 καθῆστο,
823 1768 866 1837 τά
891 1795 927 1837 τε
950 1766 1035 1838 ἄλλα
1062 1780 1190 1858 φιλο-11

143 1882 314 1963 παίγμονα
349 1866 405 1946 καὶ
442 1875 629 1965 φιλόγελων
664 1877 720 1944 καὶ
756 1872 938 1965 χαριδότην
978 1872 1063 1945 όντα
1100 1875 1158 1946 τὸν

142 1979 228 2050 θεὸν
255 1980 450 2073 εὐφραίνων
477 1983 533 2050 καὶ
561 1979 603 2070 δὴ
631 1982 688 2050 καὶ
715 1983 762 2073 τῷ
794 1979 957 2049 σκώπτειν
983 1979 1025 2050 τδι
1053 1981 1157 2052 πολλὰ

143 2089 199 2155 καὶ
226 2086 413 2174 γελοιάζειν.

220 2189 278 2275 Ὡς
305 2193 343 2261 δδ
360 2195 417 2261 καὶ
435 2191 472 2262 τὸ
491 2195 560 2261 τῶν
578 2191 750 2282 καισόρων
767 2206 999 2282 συνεκροτεῖτο
1028 2195 1156 2283 συμπό-

144 2319 228 2383 σιον,
256 2298 360 2386 είσῄει
387 2302 517 2388 πρῶτος
541 2295 678 2379 Ἰοόλιος
701 2305 843 2388 Καίσαρ,
871 2293 937 2367 ὑπὸ
965 2306 1190 2388 φιλοτιμίαςϊ1

143 2400 234 2494 αὐτῷ
261 2403 466 2491 βουλόμενος
494 2405 603 2494 ἐρίσαι
629 2406 676 2496 τῷ
695 2406 754 2472 Διὶ
780 2405 856 2493 περὶ
883 2406 942 2491 της
964 2413 1156 2496 μοναρχίας.

142 2514 189 2588 είς
217 2504 258 2575 δν
286 2504 314 2576 δ’
332 2507 497 2596 Σειληνὸς
523 2512 663 2597 βλέψας,
682 2506 782 2599 Ὅρα,
815 2507 922 2595 εἶπεν,
951 2501 978 2578 ῶ
1005 2514 1084 2598 Ζεῦ,
1113 2510 1156 2600 μή

142 2634 179 2681 σε
207 2608 225 2681 ὁ
254 2610 340 2702 ἀνὴρ
369 2606 468 2696 οὗτος
494 2610 560 2685 ὑπὸ
593 2621 771 2706 φιλαρχίας
798 2613 983 2703 ἀφελέσθαι
1010 2619 1068 2686 καὶ
1094 2617 1156 2707 τὴν

140 2725 315 2808 βασιλείαν
342 2724 520 2810 διανοηθῇ.
566 2723 622 2791 καὶ
649 2721 728 2810 μα’ρ,
762 2715 807 2802 ῶς
834 2716 929 2812 ὁρᾷς,
957 2723 1027 2790 ἐστὶ
1055 2726 1156 2811 μέγας

226 2926 238 2970 1
267 2913 382 2987 ἐκεῖνο]
404 2915 517 2978 ἐκείνου
535 2921 601 2971 Rsk.
688 2923 704 2970 2
731 2918 765 2986 τῇ
783 2947 816 2956 -
834 2911 913 2986 ὄψει]
940 2919 991 2987 τῆς
1009 2949 1043 2958 -
1061 2914 1155 2985 ὅψεως

140 2988 241 3054 VAug.
309 2992 327 3039 4
350 2981 453 3046 οόθελς
472 2991 529 3039 VM
539 2990 608 3053 Aug.
639 2987 644 3050 Ι
678 2976 748 3050 ὅπερ
766 2985 835 3054 VM]
853 2980 948 3054 ῶσπερ
1016 2993 1033 3040 5
1057 2990 1156 3042 δοκεῖν

139 3056 220 3114 Cob.]
244 3055 335 3111 δοκεῖ.
366 3058 402 3110 cf.
422 3055 458 3106 ad
480 3055 548 3106 63Β
635 3059 668 3106 10
693 3047 822 3120 ἀλλήλων
846 3051 920 3122 VM]
948 3047 1001 3108 ὑπ’
1024 3051 1157 3124 ἀλλήλων

140 3125 170 3170 11
199 3115 278 3175 αότῶ
302 3127 360 3175 VM
448 3125 477 3173 11
498 3127 527 3173 et
545 3125 575 3172 12
602 3114 697 3173 κόκλω
723 3121 779 3173 τῶν
802 3121 882 3174 θεῶν
905 3124 975 3174 καθ.
997 3122 1071 3191 VM]
1100 3121 1156 3178 τῶν

139 3187 220 3240 θεῶν
237 3185 333 3242 κόκλω
351 3193 422 3246 καθ,
504 3193 536 3241 13
554 3205 604 3255 μοι
623 3188 717 3240 δοκῶν
734 3190 791 3240 VM
822 3189 917 3241 δοκῶν
935 3208 984 3255 μοι
1068 3195 1101 3243 14
1118 3192 1156 3258 τῷ

140 3250 201 3335 Δρ]
221 3254 271 3308 Λα
288 3242 358 3322 Afig.
429 3260 461 3309 ιε
480 3250 641 3338 φιιόφειωι
658 3257 797 3321 VMAug.
832 3254 1009 3324 φαιγειωια
1037 3258 1042 3324 ι
1074 3277 1155 3327 χαρι-

36 3331 37 3335 ’
139 3323 229 3390 δοιην
246 3325 303 3375 VM
316 3322 399 3393 Aug]
420 3325 620 3392 χαριτοδοτην.
653 3325 690 3376 ef.
711 3325 798 3375 1481)
877 3328 908 3376 17
927 3323 977 3393 τῶ]
996 3318 1027 3377 τό
1047 3328 1076 3376 M
1085 3330 1155 3394 Aug.

139 3395 171 3442 19
197 3385 422 3460 συνεκεκρότητο
445 3394 471 3442 Η
557 3396 590 3444 20
615 3390 727 3457 πρῶτον
748 3393 773 3440 V
858 3376 978 3445 22etfi3
1004 3393 1046 3461 μή
1068 3412 1097 3446 τι
1123 3411 1155 3446 σε

137 3458 341 3576 ξίῗῧοδθον,
412 3463 444 3510 24
469 3458 617 3527 διανοηθῇ
636 3456 810 3525 Sylburgius]
829 3457 1014 3527 διανοηθείη.
1045 3462 1100 3518 vid.
1119 3463 1154 3514 ιδ
