2408 3856
117 169 160 232 24
422 169 566 222 ιοιιααι
583 168 832 220 ωιΡυειΑυοπιε

117 294 189 365 ἀλλ’
220 292 304 386 ὑπὲρ
331 295 392 384 μέν
419 295 547 364 τούτων
575 295 631 367 καὶ
659 285 761 375 αὖθις
784 295 909 376 ἐξέσται
932 293 989 364 διά
1012 323 1135 384 μακρο-

117 405 224 493 τέρων
248 405 405 491 δηλῶσαι.
443 399 532 482 όπως
557 400 593 470 δέ
612 403 680 468 τῶν
698 401 902 491 πραγμάτων
921 403 1136 491 ἐπεμελήθης,

76 509 290 578 Βτοσούτων
322 509 434 599 κύκλῳ
466 506 694 596 περιστάντων
726 506 807 594 μετά
834 506 896 595 τῆν
924 511 984 577 τού
1012 507 1136 598 πατρὸς

117 615 273 702 τελευτὴν
300 613 472 683 κινδύνων
506 615 562 682 καλ
594 617 819 682 παντοδαπῶν
846 612 1002 703 θορύβου
1031 641 1135 704 πραγ-

23 774 24 777 ,
117 722 246 810 μάτων,
274 723 421 808 πολέμου
450 726 624 806 γενναίου,
651 723 775 808 πολλῆς
797 723 1022 809 καταδρομῆς,
1052 741 1162 809 σύμ-5

118 827 232 916 μάχων
261 824 488 913 ἀποστάσεως,
517 827 753 916 στρατοπέδων
781 823 931 912 ἀταξίας,
959 824 1023 895 ὅσα
1052 824 1135 895 ἀλλα

117 934 189 1002 τότε
214 936 359 1021 δυσχερῆ
382 932 644 1021 κατελάμβανεν,
669 941 749 1013 ίσως
772 930 836 1020 ῆδη
862 938 1010 1001 διελθεῖν
1030 930 1135 1014 ἀξιον.

117 1038 230 1128 ἐπειδῆ
259 1039 323 1129 γάρ
351 1060 404 1108 σοι
431 1038 471 1107 τὰ
498 1042 566 1107 τῶν
594 1041 778 1124 συνθηκῶν
805 1037 885 1126 μετά
913 1041 971 1126 τῆς
999 1035 1136 1128 ἀρίστης

119 1142 278 1234 ὁμονοίας
311 1144 473 1237 διῴκητο,
511 1147 623 1234 παρῆν
661 1143 698 1211 δέ
730 1139 748 1212 ό
781 1143 897 1234 καιρὸς
929 1158 999 1226 τοῖς
1031 1145 1135 1234 πράγ-

80 1261 221 1339 Ομασιν
249 1251 429 1320 ἐπιτάττων
457 1257 600 1337 βοηθεῖν
628 1251 881 1337 κινδυνεύουσι,
910 1256 1046 1340 πορείας
1074 1251 1136 1339 μέν
1151 1274 1177 1313 1⁰

116 1358 206 1444 τάχει
246 1356 453 1446 χρησάμενος
490 1353 624 1445 ἀθρόως
661 1358 696 1424 ἐκ
733 1356 894 1425 Παιόνων
936 1360 973 1425 έν
1009 1357 1137 1447 Σύροις

118 1461 253 1550 όίφθης,
282 1459 362 1531 οὐδὲ
388 1464 434 1553 τῷ
463 1461 550 1553 λόγῳ
580 1464 684 1543 δείξαι
712 1463 845 1554 ῥᾴδιον·
874 1461 969 1553 ἀρκεῖ
996 1463 1032 1531 δέ
1065 1479 1136 1545 τοῖς

117 1568 302 1655 ἐγνωκόσιν
335 1564 355 1655 ῆ
390 1582 496 1658 πεῖρα.
543 1565 634 1649 ὅπως
666 1567 704 1636 δὲ
734 1566 818 1657 πρός
850 1567 912 1656 τῆν
943 1577 1137 1658 παρουσίαν

117 1674 180 1762 τῆν
205 1673 269 1763 σῆν
292 1672 427 1764 ἀθρόως
451 1670 580 1742 ἅπαντα
604 1675 831 1762 μεταβαλόντα
855 1677 911 1743 καὶ
929 1677 1136 1763 μεταστάντα

118 1779 202 1868 πρὸς
224 1779 261 1849 τὸ
287 1782 419 1868 βέλτιον
443 1777 484 1848 ού
503 1779 696 1868 μόνοντῶν
719 1782 1031 1870 ἐπικρεμασθέντων
1050 1779 1136 1870 ῆμᾶς
1151 1802 1182 1849 1⁵.

119 1884 283 1974 άπῆλλαξε
311 1886 446 1975 φόβων,
479 1884 637 1974 ἀμείνους
665 1886 701 1955 δέ
729 1891 843 1978 μακρῷ
871 1886 928 1968 τάς
955 1884 1040 1978 ὑπὲρ
1067 1892 1137 1957 τῶν

119 1993 307 2080 μελλόντων
339 1995 504 2084 παρέσχεν
538 1995 691 2081 ἐλπίδας,
728 2001 776 2074 τίς
813 1989 855 2062 ἀν
887 1992 1035 2084 ἀρκέσειε
1066 1997 1137 2063 τῶν

72 2109 98 2163 D
119 2096 279 2170 ἁπάντων
306 2107 425 2183 είπείν;
457 2098 498 2168 τά
526 2098 587 2187 μέν
614 2103 682 2168 τῶν
710 2102 958 2188 στρατοπέδων,
990 2107 1136 2187 πλησίον

118 2208 303 2293 γενομένου
330 2207 452 2294 μόνον,
485 2208 649 2274 ἐπέπαυτο
681 2209 740 2294 τῆς
772 2203 906 2287 ἀταξίας
939 2208 995 2275 καλ
1022 2217 1135 2295 μεθει-

118 2310 230 2397 στῆκει
262 2310 345 2400 πρὸς
376 2311 523 2397 κόσμον,
559 2308 739 2400 Ἀρμενίων
777 2312 813 2380 δέ
846 2317 881 2381 οί
909 2315 1136 2400 προσθέμενοι
1151 2335 1176 2374 20

118 2431 188 2496 τοῖς
214 2422 384 2504 πολεμίοις
411 2413 517 2496 εὐθύς
545 2418 762 2505 μετέστησαν,
795 2422 858 2487 σού
888 2417 968 2499 τούς
995 2418 1056 2505 μέν
1085 2425 1135 2488 αί-

117 2528 211 2603 τίονς
237 2525 296 2610 τῆς
323 2526 433 2611 φυγῆς
459 2525 505 2615 τῷ
532 2526 590 2611 τῆς
617 2524 726 2613 χώρας
749 2527 877 2613 ἐκείνης
899 2523 1133 2615 άρχοντι·παρ’

118 2623 204 2715 ῆμάς
223 2629 451 2715 ἐξαγαγόντος,
470 2643 540 2710 τοῖς
559 2630 725 2717 φεύγουσι
745 2630 782 2698 δέ
800 2628 862 2718 τῆν
881 2633 913 2711 ἐς
930 2629 992 2719 τῆν
1007 2637 1136 2701 οίκείαν

119 2733 272 2803 κάθοδον
288 2733 369 2805 ἀδεᾶ
382 2736 708 2824 παρασκευάσαντος.
732 2733 819 2805 ούτω
836 2736 873 2805 δέ
887 2738 1137 2827 φιλανθρώπως

120 2855 191 2921 τοῖς
217 2868 252 2908 τε
275 2839 349 2933 παρ’
380 2838 466 2930 ἡμᾶς
492 2839 709 2930 ἀφικομένοις
738 2840 813 2932 άρτι
839 2845 1053 2933 χρησαμένου
1080 2845 1136 2913 καὶ
1150 2863 1175 2903 2⁵

65 2962 98 3010 21
120 2962 189 3029 τοῖς
216 2949 252 3016 ἐκ
278 2950 337 3037 τῆς
365 2952 475 3037 φυγῆς
502 2947 582 3036 μετά
601 2951 662 3017 τού
686 2952 784 3036 σφῶν
812 2947 972 3039 άρχοντος
999 2960 1135 3038 κατελη-

118 3054 242 3123 λυθόσι
268 3054 383 3147 πράως
411 3051 624 3144 ὁμιλοῦντος,
652 3059 688 3122 υί
713 3055 788 3142 μέν,
817 3053 868 3124 ὅτι
891 3058 947 3124 καὶ
969 3057 1136 3147 πρότερον

176 3258 420 3338 4παντοδαπούλ
440 3261 506 3312 Rsk.
521 3265 585 3325 post
602 3258 796 3310 παντοδαπῶν
816 3261 878 3312 add.
891 3260 1000 3326 μεστῶν
1047 3264 1063 3312 6
1082 3277 1135 3314 υσα

118 3341 148 3376 τε
168 3316 369 3380 ἀλλαδυλιεεί.
401 3326 651 3380 ολ103ελ830
723 3321 1028 3396 Tuatsldpflavst]
1053 3347 1136 3382 κατε-

119 3387 284 3473 λάμβανον
319 3399 352 3448 10
369 3385 538 3476 πορείας]“
520 3411 597 3455 οπως
615 3393 744 3470 πορείας
753 3396 873 3462 Sohaef„
892 3398 953 3448 Pet.
972 3413 1039 3447 vero
1058 3389 1137 3457 ὅπως

117 3455 170 3524 μὲν
187 3477 242 3524 pro
266 3453 381 3546 ἀθρόως
396 3464 525 3544 conjecit
595 3465 625 3513 16
648 3457 746 3530 μακρῷ
772 3464 829 3514 eV
847 3463 942 3515 addidi
1009 3467 1042 3515 21
1066 3459 1136 3526 τούς

113 3522 173 3592 μέν
192 3526 260 3593 VM]
279 3525 334 3593 μεν
352 3525 420 3589 τούς
489 3533 521 3582 23
541 3525 682 3596 φεύγουσι
701 3531 736 3597 V]
757 3529 884 3598 φυγοῦσι

15 3605 46 3839 λ
