2408 3856
132 129 172 193 74
259 89 261 92 Δ
412 88 574 182 ‘mmm
595 129 845 183 IMPERATORIS

91 259 187 328 Οκαὶ
224 255 305 344 άλης
341 260 529 345 δυστυχοῦς
564 260 623 345 τῆς
659 255 720 338 ξὺν
756 260 801 349 τῷ
838 257 993 349 τυράννῳ
1031 261 1148 346 βιοτῆς

130 363 286 450 κατάγειν
324 367 412 451 σφᾶς
448 360 498 432 ἐπ’
539 360 706 451 ἀκεραίοις
746 378 817 444 τοῖς
851 363 1004 453 πρόσθεν
1039 359 1147 451 ἠξίου.

131 472 230 539 τοῦτο
259 469 320 558 μὲν
352 467 394 558 δὴ
426 471 482 538 καί
515 461 617 550 αὖθις
643 469 790 550 τεύξεται
821 469 938 555 λόγον’
972 471 1080 538 ἐκεῖνο
1109 469 1147 539 δέ

131 575 195 664 ἤδη
225 577 361 664 ῥητέον,
393 571 438 656 ὥς
466 572 543 644 οὔτε
576 578 613 644 ἐν
639 590 709 656 τοῖς
740 578 904 663 κειμένοις
930 567 974 663 ἦν
1002 573 1081 644 οὕτε
1108 578 1146 644 έν

130 697 201 763 τοῖς
228 682 417 770 φεύγουσιν
436 677 454 750 ὁ
473 687 691 771 παιδοτρίβης
716 685 778 750 τοῦ
805 681 985 771 τυράννου.
1016 680 1055 752 τὸ
1079 680 1173 771 γὰρτ

131 787 214 876 μηδὲ
247 791 377 857 ἐλπίσαι
414 787 620 876 συγγνώμην
658 784 799 873 εὔλογον
831 785 919 856 οὕτω
952 787 1014 876 μὲν
1046 784 1147 857 άδικα

131 895 368 982 διανοηθέντα,
396 892 500 983 ἀσεβῆ
528 894 566 963 δὲ
594 894 835 983 ἐργασάμενον,
864 893 982 982 φόνων
1009 921 1044 963 τε
1072 891 1146 963 άδί-

130 1027 201 1069 κων
238 996 375 1091 άνδρῶν
411 1003 466 1070 καί
503 1003 689 1088 γυναικῶν,
725 1003 860 1069 πολλῶν
895 999 957 1088 μέν
991 1003 1147 1088 ἰδιωτῶν,

88 1107 269 1177 Βπάντων
296 1106 334 1176 δὲ
353 1106 474 1195 σχεδὸν
493 1103 613 1176 ὁπόσοι
640 1110 701 1175 τοῦ
729 1106 902 1193 βασιλείου
925 1107 1045 1194 γένους
1072 1133 1146 1195 μετ·

130 1226 222 1301 είχον
249 1208 438 1301 ἁψάμενον,
472 1210 546 1281 οάτι
578 1210 639 1294 ξὺν
667 1218 797 1301 δείματι
830 1209 911 1282 οὐδὲ
939 1210 982 1281 άν
1013 1239 1063 1293 τις
1091 1214 1146 1301 ἐμ·
1161 1241 1187 1280 ιο

131 1319 255 1406 φίλιον
286 1318 398 1405 φόνον
429 1323 628 1406 διανοηθείη
662 1321 768 1407 δρῶν,
796 1325 1026 1407 παλαμναίους
1052 1317 1148 1400 τινάς

131 1425 186 1492 καί
218 1423 399 1514 μιάστορας
426 1422 547 1506 δεδιὼς
578 1426 634 1493 καί
661 1420 882 1514 ὑφορώμενος
913 1426 949 1492 ἐκ
979 1427 1041 1493 τοῦ
1073 1425 1148 1513 μιά-

11 1604 14 1607 ς
131 1551 266 1618 σματος,
294 1527 378 1599 άλλδι
396 1527 506 1621 ὥσπερ
524 1532 592 1599 τισὶ
614 1538 815 1621 καθαρσίοις
832 1546 962 1625 καινοῖς
989 1532 1044 1600 καὶ
1069 1528 1146 1599 άτό·

129 1660 205 1717 ποις
236 1634 316 1718 τοὺς
347 1636 499 1727 πρόσθεν
531 1633 795 1725 άπονιπτόμενος
827 1635 935 1727 άνδρα
963 1633 1014 1706 ἐπ’
1045 1633 1146 1725 άνδρδ

129 1744 186 1810 καί
213 1757 376 1828 γυναῖκας
403 1745 456 1812 ἐπὶ
482 1758 554 1824 τοῖς
581 1743 752 1831 φιλτάτοις
779 1740 983 1825 άποντιννὺς
1010 1742 1148 1824 εἰκότως
1161 1769 1187 1811 ιι

131 1845 263 1933 ἀπέγνω
290 1847 353 1937 τὴν
381 1853 558 1940 ἱκετηρίαν.
603 1853 709 1918 ταῦτα
736 1847 824 1931 εἰκὸς
851 1848 912 1937 μὲν
939 1845 1045 1918 αὐτὸν
1074 1854 1146 1918 δια·

77 1966 111 2015 59
130 1954 312 2043 νοηθῆναι,
339 1955 427 2038 είκὸς
446 1956 484 2026 δέ
501 1958 558 2026 καί
585 1953 693 2038 άλλως
715 1960 812 2043 ἔχειν.
844 1951 886 2024 οὐ
904 1954 968 2045 γάρ
988 1953 1029 2042 δὴ
1050 1964 1148 2043 ίσμεν

130 2058 160 2147 ὅ,
173 2067 209 2129 τί
232 2087 312 2132 ποτε
339 2061 462 2132 παθὼν
488 2059 508 2152 ἢ
543 2062 669 2154 δράσας
700 2058 802 2154 ᾤχετο
830 2060 959 2147 άιστος,
987 2058 1147 2149 ἄφαντος.

130 2163 202 2235 ἄλλ’
224 2177 289 2237 είτε
307 2165 413 2238 αὐτὸν
431 2174 563 2255 δαίμων
579 2167 723 2257 τιμωρὸς
741 2168 965 2258 ξυναρπάσας,
992 2166 1146 2257 καθάπερ

122 2267 269 2361 Ὅμηρός
297 2294 381 2360 φησι
408 2272 467 2354 τάς
492 2277 555 2342 τοῦ
576 2273 757 2362 Τυνδάρεω
784 2275 983 2364 θυγατέρας,
1011 2274 1065 2342 ἐπὶ
1083 2276 1145 2361 γῆς
1159 2300 1186 2341 ιο

131 2373 203 2462 άγει
239 2378 365 2468 πέρατα
405 2375 525 2459 ποινάς
561 2376 754 2468 άπαιτήσων
793 2383 862 2462 τῶν
900 2378 1146 2468 διανοημάτων,
1177 2375 1179 2379 ’

131 2491 195 2551 εἴτε
228 2479 334 2552 αὐτὸν
366 2479 384 2553 ὁ
416 2481 564 2572 ποταμὸς
595 2481 842 2575 ὑποδεξάμενος
873 2488 986 2555 ἕστιάν
1018 2485 1146 2555 κελεύει

130 2585 210 2669 τούς
238 2591 349 2677 ἰχθῦς,
377 2587 452 2659 οὔτι
479 2617 532 2661 πω
560 2595 672 2680 δῆλον.
714 2590 792 2683 άχρι
819 2593 881 2682 μὲν
907 2591 971 2681 γάρ
998 2594 1058 2680 τῆς
1083 2591 1146 2679 μά-

129 2722 189 2783 χης
217 2691 321 2784 αι’πης
347 2698 403 2765 καὶ
432 2693 576 2787 ὁπηνίκα
608 2703 644 2769 οί
668 2699 761 2787 λόγοι
793 2698 1033 2768 συνετάττοντο
1061 2697 1147 2786 πρὸς

199 2886 305 2978 Ιάληρ
323 2899 385 2949 Pet.
404 2901 433 2948 in
452 2898 494 2949 ed.
513 2897 553 2964 θ]
572 2893 663 2966 ίίλλης
682 2899 687 2963 Ι
707 2894 760 2965 ξδν
778 2895 849 2966 VM]
869 2893 924 2951 οὖν
991 2889 1095 2950 λοίτε
1114 2925 1147 2934 -

130 2953 196 3016 οὔτε
213 2961 251 3030 Η]
270 2960 341 3017 ουδὲ
358 2991 392 3002 -
410 2955 481 3018 οὐδὲ
550 2968 566 3017 6
589 2957 696 3032 ἄλογον
713 2968 737 3015 V
807 2970 822 3018 7
845 2958 1073 3033 ἐξεργασάμενον
1091 2966 1121 3015 Μ
1141 2964 1146 3032 Ι

129 3023 228 3094 φόνων
246 3049 278 3084 τε
298 3024 409 3084 ἀδίκων
427 3033 495 3085 Rsk.
514 3039 543 3084 et
561 3031 598 3100 H]
643 3028 699 3097 όνφ
717 3027 831 3099 (φόνων
849 3034 938 3099 eant.)
956 3052 988 3088 τε
1006 3028 1101 3086 άδίκω
1119 3049 1146 3098 v,

130 3091 223 3151 άδίκω
241 3115 294 3153 om.
311 3101 341 3151 Μ
410 3104 441 3152 10
458 3051 848 3169 άψάμενονῗάμειψάμενον
866 3103 889 3151 V
908 3100 913 3167 Ι
933 3090 971 3153 άν
989 3116 1033 3161 τις
1052 3084 1090 3170 H]
1109 3091 1147 3153 ἄν

129 3184 173 3227 τις
191 3149 216 3219 V
235 3171 263 3218 et
281 3172 352 3236 pet„
376 3157 457 3228 ἅτις
475 3170 505 3220 Μ
522 3173 596 3220 cant.
615 3169 642 3220 fl.
661 3169 758 3236 τροπὴ,
829 3173 859 3220 11
883 3167 1060 3237 διανοηθείη
1077 3171 1148 3221 Hor-

130 3233 233 3301 kelius]
254 3233 403 3304 διανοηθῇ
419 3235 528 3303 Ι·δρῶν
544 3235 630 3302 idem]
650 3231 729 3307 δρρίη
759 3233 847 3303 (δρᾶν
864 3236 894 3286 Μ
912 3242 985 3290 cant.
1004 3235 1042 3301 fl.)
1115 3238 1147 3289 15

129 3291 289 3364 άποκτινδς
306 3306 332 3356 V
384 3305 417 3355 18
434 3294 525 3373 ᾤχετο
544 3294 673 3369 ἄπιστος,
693 3297 835 3386 ἄφαντος]
856 3305 954 3370 Οδγεε.
974 3318 1002 3366 α,
1020 3307 1080 3370 242,
1100 3305 1148 3357 ubi

129 3386 178 3434 pro
197 3361 328 3435 άφαντος
345 3371 451 3438 legitur
468 3361 593 3433 ἄπυστος
647 3376 679 3424 19
698 3372 883 3437 ξυναρπαοας
894 3370 963 3439 VM]
982 3363 1148 3436 ἐξαρπάσας

128 3428 309 3517 θθᾯμηροε]
326 3439 409 3491 Iliad.
427 3439 454 3505 ζ,
473 3441 524 3491 848
543 3456 580 3492 σε.
607 3438 612 3506 Ι
638 3436 835 3506 πανδάρεοιν
904 3443 937 3492 23
960 3435 1051 3507 ἰχθῦς
1069 3437 1145 3508 VM]

125 3499 246 3566 ίγθυας.
282 3507 318 3558 cf.
338 3506 748 3559 ad571385A176D206A
774 3507 779 3572 Ι
805 3523 849 3558 πω
866 3504 904 3575 V]
922 3523 981 3560 πον
