2446 3870
152 136 214 201 160
448 97 593 190 mmm
613 133 863 200 lMPERATORIS

149 269 280 354 μυρίων
307 261 426 332 πολιὸν
452 265 579 350 μᾶλλον
611 261 790 350 ἐκτήσαντο
818 259 878 330 τὸν
909 263 996 330 νοῦν
1022 263 1079 329 καὶ
1106 260 1167 343 τὰς

108 372 288 460 οφρένας,
316 371 372 437 καὶ
394 367 438 438 ’τό
466 372 592 438 δοκοῦν
611 365 745 454 ἀγαθὸν
774 370 809 436 ἐκ
831 370 893 437 τοῦ
920 366 1030 456 γήρως
1058 363 1166 456 ῦπάρ-

150 503 221 564 χειν
252 489 322 556 τοῖς
355 472 549 564 ἀνθρώποις
580 474 702 562 μόνον,
734 472 796 561 τήν
824 475 1011 563 ἐμπειρίαν,
1045 470 1090 541 δι’
1121 471 1167 561 ἣν

151 579 169 650 ὁ
205 581 392 671 πρεσβύτης
428 587 498 669 ἔχει>
529 608 560 648 τι
596 581 686 662 λέξαι
721 583 789 648 τῶν
830 582 917 649 νέων
958 578 1167 669 σοφώτερον,

150 703 220 768 τοῖς
248 684 289 756 οῦ
322 687 489 778 ῥᾳθύμοις
515 689 584 755 τῶν
612 688 699 755 νέων
731 690 863 755 ἔδωκεν.
909 692 978 754 ἔστι
1006 684 1043 754 δὲ
1071 684 1171 774 οἶμαί
1182 711 1196 750 5

150 820 200 875 τις
228 796 265 862 ἐν
293 790 407 874 αὐτοῖς
438 794 494 862 καὶ
521 799 740 879 παιδαγωγίοιΙ
763 790 847 882 πρὸς
878 783 963 880 ήθος
995 807 1168 881 γενναῖον,

152 909 186 968 εί
213 926 262 981 τις
293 902 459 969 ἐπίσταιτο
497 896 575 980 τοῦς
607 896 763 988 ἀρίστους
795 896 922 988 ἀνδρας
953 899 1010 967 καὶ
1043 898 1167 985 λόγους

151 1007 208 1074 καὶ
235 1005 378 1095 πράξεις,
406 1001 481 1075 οἷον
500 1003 667 1096 ἀρχέτυπα
686 1007 924 1094 προτιθέμενος
952 1005 1169 1094 δημιουργός,

151 1111 305 1181 πλάττειν
336 1110 401 1200 ήδη
433 1110 518 1201 πρὸς
549 1114 653 1180 ταῦτα
685 1109 747 1198 τήν
779 1106 885 1180 αὑτοῦ
923 1111 1078 1180 διάνοιαν
1110 1113 1170 1180 καὶ

152 1215 344 1306 ἀφομοιοῦν
371 1215 455 1305 πρὸς
480 1213 560 1296 τοῦς
588 1216 717 1303 λόγους.
763 1208 812 1285 οἷν
840 1223 871 1286 εί
897 1215 940 1306 μή
968 1217 1169 1306 πάμπληθες
1183 1241 1209 1281 10

103 1348 132 1402 D
152 1320 385 1410 ἀπολειφθείη,
413 1322 574 1411 τυγχάνοι
602 1321 639 1390 δὲ
657 1324 713 1391 καὶ
742 1319 792 1391 ἐπ’
824 1320 939 1409 ὀλίγον
966 1325 1025 1409 τής
1053 1319 1169 1411 ῦμοιό-
1194 1391 1198 1395 ,

152 1454 259 1514 τητος,
287 1424 330 1496 οῦ
357 1426 478 1516 σμικρά
497 1423 540 1496 ἀν
568 1426 694 1516 ὄναιτο,
722 1420 761 1497 εῦ
781 1438 858 1497 ίστε.
905 1426 922 1497 ὃ
951 1427 992 1516 δή
1020 1431 1077 1497 καὶ
1106 1428 1168 1498 αῦ-

150 1531 209 1614 τὸς
239 1533 396 1615 πολλάκις
433 1535 587 1615 ξυννοῶν
618 1534 757 1604 παιδιάν
788 1561 822 1602 τε
851 1531 914 1603 οῦκ
945 1532 1097 1621 ἀμουσον
1131 1539 1169 1605 ἐν

151 1636 268 1721 αὐτοῖς
303 1643 465 1728 ποιοῦμαι
501 1641 556 1709 καὶ
594 1640 856 1731 στρατευόμενος
891 1640 1044 1730 καθάπερ
1079 1649 1169 1711 σιτία

151 1747 269 1836 φέρειν
301 1744 467 1833 ἀναγκαῖα
498 1748 554 1816 καὶ
586 1751 691 1816 ταῦτα
722 1748 841 1816 ἐθέλω·
874 1749 995 1837 μέτρον
1028 1749 1068 1817 δέ
1098 1751 1169 1818 ἐστι
1183 1769 1208 1810 1⁵

152 1855 214 1921 τοῦ
240 1851 393 1941 πλήθους
410 1856 479 1922 τῦν
506 1855 703 1943 φερομένων
722 1849 740 1922 ὁ
759 1853 880 1943 καιρός.
917 1850 1000 1922 ἀλλά
1018 1853 1065 1942 μή
1087 1881 1169 1924 ποτε

153 1956 215 2028 οῦκ
243 1962 380 2029 ἐκείνων
407 1958 469 2050 χρή
497 1963 563 2030 νῦν
586 1958 646 2029 τὸν
674 1966 814 2030 ἔπαινον
832 1959 975 2049 γράφειν
1004 1956 1084 2029 οῦδὲ
1104 1959 1168 2031 ὅσα

152 2062 233 2154 ἡμῖν
260 2064 375 2154 ἀγαθά
394 2063 515 2153 γένοιτ’
546 2063 589 2136 ἀν
608 2069 758 2154 ἐνθένδε,
786 2061 913 2136 ὁπόσου
934 2065 971 2135 δέ
989 2065 1026 2134 τὸ
1055 2070 1169 2157 δῶρον

100 2169 253 2252 Ῑητάξιον
281 2170 549 2261 καταμαθόντας
566 2173 663 2262 χάριν
690 2170 862 2243 ἀποτίνειν
889 2169 992 2261 τυχὸν
1021 2170 1083 2242 οῦκ
1112 2171 1168 2243 ἀλ-

154 2283 290 2365 λοτρίαν
326 2282 388 2346 τοῦ
425 2280 588 2360 δοθέντος
624 2281 664 2366 τή
700 2281 914 2367 χαρισαμένη.
959 2278 1071 2366 λόγων
1104 2279 1168 2370 γάρ
1182 2299 1207 2340 2⁰

154 2378 296 2450 ἀστείων
333 2384 389 2451 καὶ
424 2387 650 2452 παντοδαπῶν
690 2383 889 2474 θησαυροὺς
923 2383 984 2454 τὸν
1023 2388 1060 2455 ἐν
1096 2401 1170 2468 ταῖς

153 2493 283 2575 βίβλοις
310 2488 492 2576 δεξάμενον
520 2486 583 2559 οῦκ
601 2487 720 2571 ἀδικον
744 2489 801 2560 διὰ
829 2493 978 2581 σμικρῶν
1004 2493 1060 2560 καί
1080 2493 1169 2579 φαῦ-

153 2601 222 2662 λων
250 2594 406 2683 ῥημάτων
439 2599 613 2677 ἰδιωτικῶς
644 2598 700 2665 καὶ
728 2594 893 2687 ἀγροίκως
924 2596 1011 2683 ἀγαν
1040 2600 1168 2684 ξυγκει-
1205 2602 1207 2604 ’

154 2701 265 2787 μένων
297 2698 393 2792 ᾄδειν
425 2698 604 2790 εὐφημίαν.
655 2699 737 2772 οῦδέ
767 2702 832 2793 γὰρ
868 2701 1019 2794 γεωργὸν
1052 2705 1170 2794 φήσεις

154 2803 363 2895 εῦγνωμονα,
397 2804 433 2890 ὃς
460 2809 703 2897 καταφυτεῦειν
731 2809 791 2898 μὲν
818 2808 879 2898 τήν
912 2809 1079 2898 φυταλιάυ
1112 2808 1169 2901 ἀρ-
1184 2815 1216 2869 25‘

153 2913 294 3002 χόμευος
321 2914 470 3002 κλήματα
497 2912 568 3004 ήτει
594 2913 684 3005 παρά
712 2919 780 2985 των
807 2915 984 3004 γειτόνων,
1017 2915 1088 2985 εἶτα
1118 2920 1169 2986 ἐκ-

153 3023 287 3110 τρέφων
313 3018 372 3102 τάς
405 3018 571 3110 ἀμπέλους
604 3028 760 3091 δίκελλαν
788 3024 844 3090 καὶ
876 3015 978 3103 αῦθις
1011 3022 1170 3111 σμινύην,

222 3236 305 3290 luat
323 3232 434 3306 τας]Ρ
453 3228 542 3306 ηκαλ
560 3256 613 3299 τας
681 3241 764 3290 3ει4
783 3257 837 3305 την
855 3233 1058 3304 ἐμπειρίαν
1077 3235 1171 3306 σοφοί-

153 3303 249 3387 τερον]
268 3309 363 3371 Eurip
382 3308 483 3358 Phoen
503 3311 552 3359 532
622 3310 654 3358 10
672 3298 837 3386 ἀφομοιῶν,
856 3312 888 3358 ut
904 3309 1022 3368 videtur,
1041 3308 1067 3357 V
1137 3311 1169 3359 11

97 3378 109 3398 ⁶
151 3390 290 3456 τνγχανοι
310 3376 343 3434 V]
362 3372 499 3441 τυγχάνει
558 3376 588 3424 13
606 3367 732 3425 παιδιάν
750 3377 828 3450 wytt
829 3373 848 3440 .]
817 3374 1018 3426 t.na28zloev
1051 3375 1089 3426 cf
1102 3375 1169 3428 5313

153 3435 417 3518 153.τιῖηαγκαια
485 3444 528 3492 21
536 3439 588 3493 τδν
606 3440 767 3508 Horkelius]
786 3437 842 3494 τῦν
911 3445 943 3494 25
962 3437 1126 3509 εὐδαίμονα
1145 3444 1171 3495 V

145 3508 185 3554 27
200 3501 347 3572 σμιννῦην
363 3508 388 3559 V
