2414 3862
135 154 200 220 576
435 152 585 206 ιοοῐεοι
603 150 852 203 ιιιεεοετοιιιε

135 289 201 378 γάρ
230 287 372 376 εύλογον
400 289 540 356 ἕπεσθαι
566 298 638 365 τοῖς
665 289 775 373 ἔργοις
800 284 880 364 τοὺς
903 287 1045 372 λόγους,
1081 285 1161 356 ἀλλά

137 396 183 484 μὴ
220 395 360 486 φεύγειν
391 392 432 462 τὰ
455 379 595 480 οῥήματα
626 389 688 459 τὸν
719 394 880 478 μηδαμῶς
912 393 1161 479 διαπεφευγότα

138 501 207 591 (τὰ)
233 506 322 589 ἕνα·
989 501 992 504 ’
1113 584 1115 587 ,

226 602 312 674 Ἀλλ’
344 603 362 674 ὁ
394 603 457 692 τὴν
483 609 703 690 Μαγνεντίου
729 603 785 671 καί
808 602 1038 683 Κώνσταντος
1067 601 1160 674 ὁσίαν
1205 614 1206 624 ’

138 711 398 800 αἰσχυνόμενος,
430 707 511 778 ἀνθ’
538 708 619 778 ὅτου
641 722 711 788 τοίς
735 710 812 789 ζώσι
834 716 991 796 πολεμεῖς
1013 712 1073 779 καί
1096 725 1178 791 τοῖςι

137 816 299 886 ὁπωσοῦν
339 814 523 903 βελτίστοις
558 819 714 903 λοιθορῄς
763 813 905 903 πότερον
942 813 996 885 ὅτι
1035 822 1159 905 μᾶλλον

140 927 263 993 ἐκείνοι
286 921 449 990 δύνανται
470 925 539 990 τών
558 919 691 1003 ζώντων
710 916 900 1007 ἀμύνεσθαι
918 919 999 1002 τούς
1017 928 1156 993 λυπούν-

139 1059 213 1113 τας;
243 1027 328 1098 ἀλλά
352 1028 406 1097 σοὶ
428 1031 528 1097 τούτο
552 1024 594 1096 ού
617 1028 776 1114 προσήκει
799 1028 922 1113 λέγειν·
962 1027 995 1096 εί
1016 1029 1097 1119 γάρ,
1118 1029 1157 1110 ώς
1199 1089 1201 1100 ,

140 1137 296 1226 γράφεις,
332 1133 617 1223 θαρραλεώτατος.
662 1130 734 1202 ἀλλ’
770 1138 801 1201 εί
831 1131 875 1220 μὴ
907 1138 1028 1223 τούτο,
1060 1139 1157 1226 τυχὸν
1197 1220 1200 1230 J

140 1244 270 1332 ἕτερον·
302 1238 348 1319 ,ὦς
370 1237 434 1326 γὰρ
458 1237 520 1307 οὐκ
543 1239 815 1327 αἰσθανομένους
838 1239 1062 1311 ἐπισκώπτειν
1084 1254 1183 1324 ίσωςο

138 1345 183 1417 ού
218 1345 351 1434 βούλετ’
387 1348 457 1412 τάν
489 1344 622 1426 ζώντων
656 1346 694 1413 θλ
725 1337 790 1435 ἀρά
821 1348 873 1426 τις
899 1345 1009 1429 οὕτως
1037 1347 1155 1438 εὐήθης

140 1454 231 1522 ἐστίν
253 1449 274 1540 ἢ
297 1449 520 1540 μικρόψυχος,
544 1448 581 1531 ὃς
604 1450 778 1533 ἀξιώσειεν
800 1448 845 1520 ἀν
867 1450 976 1522 αὑτοῦ
997 1457 1090 1544 παρὰ
1107 1458 1154 1525 σοὶ

139 1558 244 1647 λόγον
280 1559 371 1630 εἶναί
400 1586 492 1646 τινα,
529 1561 585 1628 καί
618 1555 659 1628 ού
691 1559 890 1646 βουλήσεται
922 1560 1069 1648 μάλιστα
1099 1564 1155 1651 μὲν

139 1664 339 1752 ἀγνοεῖσθαι
362 1663 453 1754 παρὰ
476 1668 540 1734 σού
562 1663 785 1750 παντάπασιν,
809 1670 840 1733 εί
857 1664 888 1733 θ’
905 1662 1080 1738 ἀδύνατον
1098 1679 1153 1756 είη,

69 1763 76 1775 ’
140 1778 373 1864 λοιδορεῖσθαι
395 1771 484 1859 παρὰ
509 1776 573 1859 σού
595 1775 741 1859 μᾶλλον,
767 1774 916 1859 καθάπερ
940 1771 1005 1858 ἐγὼ
1022 1779 1110 1861 νύν,
1134 1771 1181 1861 ἢο

136 1884 318 1975 τιμᾶσθαις
355 1877 480 1967 μήποτε
517 1875 604 1946 οὕτω
634 1881 746 1957 κακῶς
776 1876 999 1965 φρονήσαιμι,
1037 1882 1152 1969 μήποτε

139 1991 208 2054 τών
221 2058 227 2066 ,
240 1984 329 2074 παρὰ
361 1989 424 2055 σού
456 1988 584 2072 μᾶλλον
616 1985 763 2052 ἐπαίνων
795 1979 816 2071 ἢ
843 1983 962 2070 ψόγων
989 1984 1153 2072 ἀντιποιη·

140 2095 273 2179 σαίμην.
303 2112 310 2119 ·

227 2195 314 2267 Ἀλλ’
340 2196 422 2266 αὐτὸ
445 2199 545 2265 τοῦτο
568 2194 606 2264 τὸ
626 2193 770 2285 γράφειν
787 2195 871 2285 πρὸς
889 2198 927 2267 σε
947 2195 1153 2288 δακνόμενον

139 2305 242 2393 τυχὸν
270 2313 351 2391 ίσως
378 2307 484 2383 ἐστίνς
522 2301 563 2370 ού
590 2300 636 2389 μὰ
663 2300 743 2381 τοὺς
770 2302 874 2383 θεοὺς
895 2303 975 2385 τοὺς
998 2310 1177 2394 σωτῆρας,ο

140 2410 212 2479 ἀλλ’
252 2408 506 2488 ἐπικύπτοντοςυ
524 2407 614 2496 (τὴν)
656 2405 743 2494 ἀγαν
780 2406 969 2478 αύθάθειαν
1005 2413 1062 2480 καί
1098 2412 1153 2500 τὴν
1198 2426 1199 2431 ’

139 2514 336 2606 θρασύτητα
369 2514 424 2581 καί
457 2512 519 2603 τὴν
546 2511 730 2583 ἀκολασίαν
756 2512 818 2602 τὴν
844 2520 901 2604 τῆς
928 2519 1078 2606 γλώττης
1104 2519 1152 2586 καὶ

91 2621 177 2692 ιιοτὸ
200 2624 259 2710 τῆς
281 2622 389 2707 ψυχῆς
411 2618 532 2709 ἀγριον
551 2620 614 2687 ’καί
640 2618 678 2688 τὸ
702 2620 909 2709 μαινόμενον
931 2628 1000 2692 τών
1024 2628 1154 2713 φρενών

138 2731 194 2798 καί
226 2728 264 2798 τὸ
296 2724 559 2818 παρακεκινηκὸς
591 2727 629 2794 ἐν
657 2729 769 2795 πᾶσιν.
819 2729 896 2816 ἐξῆν
917 2729 1031 2816 ἶγούν,
1068 2735 1153 2818 είπερ

141 2834 339 2924 ἐθεθήγμην,
363 2839 473 2923 ἔργοις
496 2829 580 2905 ἀλλά
602 2830 647 2918 μὴ
668 2830 782 2917 λόγοις
800 2852 837 2902 σε
856 2833 989 2924 σφόδρα
1008 2843 1153 2925 νομίμως
1163 2861 1181 2902 ιι

138 2941 287 3012 κολάσαι.
331 2945 467 3026 πολίτης
494 2936 559 3025 γὰρ
582 2932 632 3005 ών
653 2938 710 3006 καί
732 2942 790 3026 τῆς
811 2946 989 3029 γερουσίας
1011 2946 1152 3032 μετέχων

206 3157 276 3216 3τά
298 3161 367 3232 ἔργα
385 3159 482 3229 Hrch.]
501 3156 586 3228 ἔργον
631 3154 741 3214 acmo?
757 3177 803 3214 σοι
821 3163 981 3227 heyleriana
996 3165 1001 3232 Ι
1016 3162 1151 3247 προσηκει
1204 3209 1206 3214 .

137 3229 177 3300 Η]
197 3226 398 3299 προσῇκιΙεί
414 3224 576 3293 ΗεγΙενλεί
645 3231 676 3281 10
694 3224 732 3291 ὡς
769 3226 805 3297 ἀρ
823 3230 862 3297 Η]
880 3221 976 3297 ’ὥσπερ
1048 3239 1077 3286 11
1097 3226 1152 3299 αρά

136 3317 182 3359 τις
201 3297 295 3365 Ηιολι]
316 3294 374 3365 ἀρα
391 3315 434 3358 τις
505 3300 536 3347 12
554 3289 646 3349 αύτοῦ
665 3248 767 3365 Ηεολιά
781 3290 873 3351 αύτού
892 3294 1010 3367 (αύτούς
1029 3301 1064 3372 Δ)
1124 3304 1151 3353 15

139 3366 340 3434 λοιδορεῖσθαι
359 3364 470 3431 Heyler]
491 3362 706 3430 λοιδορῆσθαιΙ
730 3358 784 3433 ἐγώ
803 3368 895 3428 Hroh.]
915 3361 979 3430 ἐμοὶ
1050 3375 1082 3422 21
1101 3365 1151 3451 την

136 3436 199 3486 add.
219 3435 302 3486 Hrch.
318 3424 518 3512 l‘ayssvnldsmv
537 3431 633 3513 HQ]
658 3425 801 3501 αύθύθην
870 3439 904 3486 24
921 3452 1152 3518 παρακεκιτηιως

138 3500 173 3566 Η]
192 3517 393 3569 παρακινηκος
412 3501 631 3566 (παρακινηκως
650 3498 686 3565 Δ)
702 3505 706 3566 Ι
723 3501 804 3568 είπερ
824 3501 935 3570 Heyler]
957 3521 1030 3572 οπερ
