2446 3870
478 124 615 176 ossA'rlo
634 125 668 175 ιι.
1021 123 1080 187 117

63 258 123 324 τού
160 252 264 341 φύσει
300 257 442 321 δικαίου.
489 251 680 321 κινδυνεύει
717 250 755 319 δέ
787 245 805 318 ὁ
838 251 1013 340 κράτιστος
1045 254 1082 319 ἐν

64 361 156 430 πόλει
184 359 339 439 τοιοῦτός
365 386 414 440 τις
441 354 539 444 εἶναι,
566 355 607 427 τά
634 357 696 446 μὲν
715 359 752 426 ἐν
776 353 977 448 ἀμφοτέροις
996 362 1081 445 ἔχων

64 465 194 554 ἀγαθά,
227 463 286 546 τάς
314 464 351 534 δὲ
383 458 458 533 οἷον
485 467 590 553 πήρας
622 466 658 533 ἐκ
684 466 745 532 τού
777 462 1017 546 πλεονάζοντος
1043 466 1117 537 ἐνΒ

64 573 192 665 ἑκάστω
224 574 293 640 τῶν
326 575 517 661 ἔμπροσθεν
556 572 740 659 εἰρημένων
773 570 956 659 ἐκφεύγων.
1002 571 1082 656 ἐφο-

37 683 134 770 ερῶυ
174 678 211 747 δέ
244 674 346 758 αὐτὸς
378 675 508 746 ἅπαντα
540 679 596 745 καὶ
627 677 850 746 κατευθύνων
882 677 937 745 καὶ
970 673 1083 765 άρχων

61 784 240 875 ἀρχόντων
275 781 355 864 τοὺς
390 783 452 872 μέν
489 784 647 855 ἐπὶτῶν
685 789 849 872 μεγίστων
881 788 990 871 έργων
1026 783 1083 850 καὶ

61 890 266 978 διοικήσεων
293 892 515 978 τεταγμένους
541 892 597 957 καὶ
625 886 717 980 αύτῷ
736 891 795 977 τῆς
812 884 896 977 ὑπὲρ
925 883 1083 957 ἀπάντων

60 1000 191 1087 βουλής
217 999 468 1078 κοινωνοῦντας
495 992 650 1081 ἀγαθούς
675 1021 710 1063 τε
738 993 825 1063 εἶναι
851 996 908 1063 καὶ
936 991 1002 1080 ό,τι
1020 994 1082 1081 μά-

60 1114 160 1174 λιστα
194 1099 300 1172 αύτού
331 1108 584 1191 παραπλησίους
616 1098 744 1182 εὔξεται
776 1101 942 1187 γενέσθαι.
989 1100 1083 1189 αίρή-

19 1235 46 1274 ιο
60 1232 157 1279 σεται
187 1209 225 1278 δέ
252 1206 315 1296 ούχ
342 1204 453 1290 άπλῶς
481 1205 562 1276 ούδέ
590 1204 635 1289 ὥς
662 1213 795 1296 ἔτυχεν,
823 1202 899 1275 οὐδ’
930 1207 1083 1294 ἐθελήσει

61 1314 274 1406 φαυλότερος
301 1313 388 1383 εἶναι
415 1312 528 1404 κριτής
550 1317 618 1383 τῶν
646 1313 913 1403 λιθογνωμόνων
940 1315 1083 1382 καὶτῶν

61 1422 316 1511 βασανιζόντων
343 1420 380 1490 τὸ
409 1425 550 1510 χρυσίον
577 1417 597 1508 ή
625 1419 688 1508 τήν
719 1420 909 1510 πορφύραν.
951 1420 1122 1502 τούτοιςο

62 1529 130 1618 γάρ
164 1524 206 1597 ού
242 1535 302 1616 μία
340 1523 420 1609 ὁδὸς
457 1528 510 1596 ἐπὶ
542 1524 604 1614 τήν
636 1529 785 1608 ἐξέτασιν
822 1523 966 1616 ἀπόχρη,
1000 1524 1083 1596 ἀλλὰ

62 1636 235 1716 συνιέντες
264 1632 357 1723 οἶμαι
384 1636 452 1702 τῶν
478 1647 685 1722 πανουργεῖν
712 1633 901 1703 ἐθελόντων
928 1639 1083 1720 ποικίλην

22 1767 49 1808 15
62 1742 122 1811 καὶ
149 1741 364 1830 πολύτροπον
389 1738 451 1828 τήν
479 1745 670 1828 μοχθηρίαν
697 1736 816 1809 καὶτὰ
844 1739 1083 1827 ἐπιτεχνήματα

63 1854 113 1928 είς
150 1847 297 1935 δύναμιν
339 1843 464 1915 άπασιν
506 1844 740 1931 ἀντετάξαντο,
780 1847 836 1914 καὶ
877 1841 1084 1932 ἀντέστησαν

64 1956 220 2041 ἐλέγχους
246 1951 327 2032 τοὺς
359 1956 395 2021 ἐκ
422 1955 480 2041 τής
507 1955 632 2040 τέχνης.
675 1949 692 2020 δ
721 1949 763 2038 δὴ
792 1952 847 2018 καὶ
880 1947 981 2030 αὐτὸς
1008 1952 1083 2038 περὶ

63 2063 124 2148 τής
149 2067 267 2140 κακίας
294 2054 554 2146 ὑπολαμβάνων,
582 2055 628 2139 άς
656 2059 725 2125 ἐστὶ
752 2061 886 2142 ποικίλη
914 2057 969 2124 καὶ
998 2052 1082 2124 άπα-

62 2163 145 2255 τηλή
173 2167 230 2235 καὶ
258 2165 359 2233 τούτό
379 2167 447 2233 ἐστι
465 2164 697 2252 χαλεπώτατον
720 2165 787 2231 των
816 2164 945 2250 ἐκείνης
963 2168 1083 2253 ἔργων,

25 2299 51 2338 ιο
65 2271 118 2342 ὅτι
149 2271 191 2360 δὴ
229 2271 389 2354 ψεύδεται
425 2271 582 2353 πολλάκις
618 2268 740 2359 ἀρετήν
776 2264 994 2358 ὑποδυομένη
1027 2271 1118 2342 καὶΙ)

64 2381 209 2470 ἐξαπατᾷ
240 2375 320 2458 τοὺς
352 2375 393 2446 ού
421 2374 633 2466 δυναμένους
666 2373 825 2466 ὀξύτερον
857 2373 940 2466 ὁρᾶν
973 2372 994 2463 ή
1027 2378 1083 2446 καὶ
1189 2449 1191 2453 ,

64 2483 322 2573 ἀποκάμνοντας
353 2487 399 2576 τῷ
432 2484 529 2572 μήκει
560 2487 622 2552 τού
654 2483 779 2574 χρόνου
811 2482 896 2574 πρὸς
927 2481 989 2571 τήν
1017 2484 1093 2563 ἐξέ-“

63 2611 174 2678 τασιν,
201 2589 239 2659 τὸ
267 2600 392 2659 παθεῖν
410 2616 441 2659 τι
468 2593 625 2660 τοιοῦτον
645 2587 756 2679 ὀρθῶς
784 2590 973 2679 φυλάξεται.
1012 2588 1082 2657 ἐλό-

64 2696 229 2786 μενος-δὲ
263 2693 348 2779 άποιξ
381 2699 437 2766 καὶ
464 2699 540 2786 περὶ
568 2693 673 2766 αὑτὸν
704 2695 784 2777 τοὺς
812 2693 969 2785 ἀρίστους
996 2701 1083 2783 ἔχων

30 2805 198 2884 τιτούτοις
227 2805 391 2893 ἐπιτρέψει
419 2801 481 2891 τήν
512 2806 581 2872 τῶν
609 2803 802 2872 ἐλασσόνων
822 2800 1004 2890 ,ἀρχόντων
1031 2804 1081 2867 αἵ-

65 2931 167 2999 ρεσιν.
223 2910 339 2997 νόμων
375 2909 436 2998 μὲν
473 2908 515 2998 δή
552 2908 626 2999 πέρι
662 2911 719 2978 καὶ
756 2907 930 3000 ἀρχόντων
970 2906 1083 2974 τοιάδε

65 3016 233 3103 γινώσκει.
283 3019 344 3085 τού
377 3015 530 3104 πλήθους
558 3015 595 3085 δέ
627 3013 664 3085 τὸ
694 3015 756 3103 μέν
784 3018 821 3083 ἐν
852 3029 921 3094 τοῖς
948 3010 1083 3080 άστεσιν

116 3238 150 3314 ,3
168 3226 302 3314 κήραςῑζ
370 3238 387 3286 4
405 3229 524 3305 ἑκάστῳ]
547 3227 696 3317 έκνατέρῳῖ,
719 3232 782 3311 Ῠξδ,
800 3236 892 3281 tamen
912 3229 1012 3310 1433]
1037 3220 1082 3279 ἐκ·

66 3318 185 3422 κιο
215 3294 356 3422 ξων
380 3305 419 3422 θ
438 3293 1083 3434 ιειέιιοιωιικλίλκιαι

66 3429 148 3520 (μύδέ
172 3421 296 3516 θελήσόι
318 3437 353 3502 V)
423 3440 454 3489 21
480 3429 515 3489 ού
540 3454 590 3488 om.
615 3436 640 3486 V
709 3437 742 3485 22
764 3383 987 3501 ἀποκάμνοντας
1010 3428 1080 3500 VM]

66 3520 294 3571 ακοκαμνοντων
1153 3524 1164 3527 ·’
