<?xml version="1.0" encoding="UTF-8"?>
<!DOCTYPE html PUBLIC "-//W3C//DTD XHTML 1.0 Transitional//EN"
    "http://www.w3.org/TR/xhtml1/DTD/xhtml1-transitional.dtd">
<html xmlns="http://www.w3.org/1999/xhtml" xml:lang="en" lang="en">
 <head>
  <title>
</title>
<meta http-equiv="Content-Type" content="text/html;charset=utf-8" />
  <meta name='ocr-system' content='tesseract 3.04.00' />
  <meta name='ocr-capabilities' content='ocr_page ocr_carea ocr_par ocr_line ocrx_word'/>
</head>
<body>
  <div class='ocr_page' id='page_1' title='image "./iulianiimperato01juligoog_0594.png"; bbox 0 0 2414 3862; ppageno 0'>
   <div class='ocr_carea' id='block_1_1' title="bbox 452 159 1075 225">
    <p class='ocr_par' dir='ltr' id='par_1_1' title="bbox 452 159 1075 225">
     <span class='ocr_line' id='line_1_1' title="bbox 452 159 1075 225; baseline 0.003 -17"><span class='ocrx_word' id='word_1_1' title='bbox 452 159 632 211; x_wconf 73' lang='lat' dir='ltr'><strong>EPISTOLA</strong></span> <span class='ocrx_word' id='word_1_2' title='bbox 650 162 691 211; x_wconf 78' lang='grc' dir='ltr'><strong><em>τε.</em></strong></span> <span class='ocrx_word' id='word_1_3' title='bbox 1013 159 1075 225; x_wconf 74' lang='lat'><strong><em>561</em></strong></span> 
     </span>
    </p>
   </div>
   <div class='ocr_carea' id='block_1_2' title="bbox 16 288 1122 2929">
    <p class='ocr_par' dir='ltr' id='par_1_2' title="bbox 16 288 1077 700">
     <span class='ocr_line' id='line_1_2' title="bbox 16 288 1077 383; baseline 0.004 -23"><span class='ocrx_word' id='word_1_4' title='bbox 16 371 22 380; x_wconf 37' lang='grc'><strong><em>,</em></strong></span> <span class='ocrx_word' id='word_1_5' title='bbox 63 288 208 382; x_wconf 81' lang='grc' dir='ltr'><strong><em>ἔπραξαν</em></strong></span> <span class='ocrx_word' id='word_1_6' title='bbox 239 297 366 378; x_wconf 77' lang='grc' dir='ltr'><strong><em>κακῶν,</em></strong></span> <span class='ocrx_word' id='word_1_7' title='bbox 403 297 590 374; x_wconf 79' lang='grc' dir='ltr'><strong><em>ποθοῦντες</em></strong></span> <span class='ocrx_word' id='word_1_8' title='bbox 622 294 659 362; x_wconf 74' lang='grc' dir='ltr'><strong><em>δὲ</em></strong></span> <span class='ocrx_word' id='word_1_9' title='bbox 691 293 752 382; x_wconf 85' lang='grc' dir='ltr'><strong><em>τήν</em></strong></span> <span class='ocrx_word' id='word_1_10' title='bbox 784 297 949 383; x_wconf 85' lang='grc' dir='ltr'><strong><em>προτέραν</em></strong></span> <span class='ocrx_word' id='word_1_11' title='bbox 977 300 1077 364; x_wconf 92' lang='grc' dir='ltr'><strong><em>δυνα-</em></strong></span> 
     </span>
     <span class='ocr_line' id='line_1_3' title="bbox 63 396 1077 491; baseline 0.004 -25"><span class='ocrx_word' id='word_1_12' title='bbox 63 405 189 485; x_wconf 90' lang='grc' dir='ltr'><strong><em>στείαν,</em></strong></span> <span class='ocrx_word' id='word_1_13' title='bbox 222 396 273 466; x_wconf 86' lang='grc' dir='ltr'><strong><em>ὅτι</em></strong></span> <span class='ocrx_word' id='word_1_14' title='bbox 306 397 350 485; x_wconf 88' lang='grc' dir='ltr'><strong><em>μή</em></strong></span> <span class='ocrx_word' id='word_1_15' title='bbox 385 398 530 480; x_wconf 75' lang='grc' dir='ltr'><em>δικάζειν</em></span> <span class='ocrx_word' id='word_1_16' title='bbox 557 401 683 491; x_wconf 81' lang='grc' dir='ltr'><strong><em>ἔξεστιν</em></strong></span> <span class='ocrx_word' id='word_1_17' title='bbox 711 398 824 481; x_wconf 78' lang='grc' dir='ltr'><strong><em>αὐτοῖς</em></strong></span> <span class='ocrx_word' id='word_1_18' title='bbox 850 403 905 470; x_wconf 80' lang='grc' dir='ltr'><strong><em>καὶ</em></strong></span> <span class='ocrx_word' id='word_1_19' title='bbox 933 402 1077 489; x_wconf 82' lang='grc' dir='ltr'><strong><em>γράφειν</em></strong></span> 
     </span>
     <span class='ocr_line' id='line_1_4' title="bbox 63 503 1076 597; baseline 0.002 -24"><span class='ocrx_word' id='word_1_20' title='bbox 63 503 229 593; x_wconf 73' lang='grc' dir='ltr'><strong><em>διαθήκας</em></strong></span> <span class='ocrx_word' id='word_1_21' title='bbox 261 505 316 570; x_wconf 80' lang='grc' dir='ltr'><strong><em>καὶ</em></strong></span> <span class='ocrx_word' id='word_1_22' title='bbox 349 503 544 594; x_wconf 79' lang='grc' dir='ltr'><em>ἀλλοτρίους</em></span> <span class='ocrx_word' id='word_1_23' title='bbox 574 512 823 594; x_wconf 79' lang='grc' dir='ltr'><strong><em>σφετερίζεσθαι</em></strong></span> <span class='ocrx_word' id='word_1_24' title='bbox 850 504 1003 597; x_wconf 91' lang='grc' dir='ltr'><strong><em>κλήρους</em></strong></span> <span class='ocrx_word' id='word_1_25' title='bbox 1021 508 1076 575; x_wconf 82' lang='grc' dir='ltr'><strong><em>καὶ</em></strong></span> 
     </span>
     <span class='ocr_line' id='line_1_5' title="bbox 61 606 1076 700; baseline 0.006 -21"><span class='ocrx_word' id='word_1_26' title='bbox 61 612 102 679; x_wconf 86' lang='grc' dir='ltr'><strong><em>τδι</em></strong></span> <span class='ocrx_word' id='word_1_27' title='bbox 133 609 242 679; x_wconf 90' lang='grc' dir='ltr'><strong><em>πάντα</em></strong></span> <span class='ocrx_word' id='word_1_28' title='bbox 276 610 407 691; x_wconf 76' lang='grc' dir='ltr'><strong><em>ἑαυτοῖς</em></strong></span> <span class='ocrx_word' id='word_1_29' title='bbox 437 613 650 700; x_wconf 77' lang='grc' dir='ltr'><strong><em>προσνέμειν,</em></strong></span> <span class='ocrx_word' id='word_1_30' title='bbox 682 613 790 681; x_wconf 92' lang='grc' dir='ltr'><strong><em>πάντα</em></strong></span> <span class='ocrx_word' id='word_1_31' title='bbox 817 606 973 684; x_wconf 81' lang='grc' dir='ltr'><strong><em>κινοῦσιν</em></strong></span> <span class='ocrx_word' id='word_1_32' title='bbox 1000 613 1076 685; x_wconf 88' lang='grc' dir='ltr'><strong><em>άκο-</em></strong></span> 
     </span>
    </p>

    <p class='ocr_par' dir='ltr' id='par_1_3' title="bbox 37 715 1118 1230">
     <span class='ocr_line' id='line_1_6' title="bbox 37 715 1075 814; baseline 0.006 -30"><span class='ocrx_word' id='word_1_33' title='bbox 37 723 162 804; x_wconf 83' lang='grc' dir='ltr'><strong><em>εσμίας</em></strong></span> <span class='ocrx_word' id='word_1_34' title='bbox 179 715 293 785; x_wconf 90' lang='grc' dir='ltr'><strong><em>κάλων</em></strong></span> <span class='ocrx_word' id='word_1_35' title='bbox 311 718 366 784; x_wconf 84' lang='grc' dir='ltr'><strong><em>καὶ</em></strong></span> <span class='ocrx_word' id='word_1_36' title='bbox 384 716 421 785; x_wconf 88' lang='grc' dir='ltr'><strong><em>τὸ</em></strong></span> <span class='ocrx_word' id='word_1_37' title='bbox 442 717 625 814; x_wconf 80' lang='grc' dir='ltr'><strong><em>λεγόμενον</em></strong></span> <span class='ocrx_word' id='word_1_38' title='bbox 642 723 709 806; x_wconf 86' lang='grc' dir='ltr'><strong><em>πῦρ</em></strong></span> <span class='ocrx_word' id='word_1_39' title='bbox 729 720 781 786; x_wconf 84' lang='grc' dir='ltr'><strong><em>ἐπὶ</em></strong></span> <span class='ocrx_word' id='word_1_40' title='bbox 800 723 866 809; x_wconf 91' lang='grc' dir='ltr'><strong><em>πῦρ</em></strong></span> <span class='ocrx_word' id='word_1_41' title='bbox 886 719 1075 807; x_wconf 84' lang='grc' dir='ltr'><strong><em>ὀχετεῦουσι</em></strong></span> 
     </span>
     <span class='ocr_line' id='line_1_7' title="bbox 63 824 1077 914; baseline 0.005 -23"><span class='ocrx_word' id='word_1_42' title='bbox 63 824 118 891; x_wconf 85' lang='grc' dir='ltr'><strong><em>καὶ</em></strong></span> <span class='ocrx_word' id='word_1_43' title='bbox 149 835 220 902; x_wconf 81' lang='grc' dir='ltr'><strong><em>τοῖς</em></strong></span> <span class='ocrx_word' id='word_1_44' title='bbox 249 824 423 911; x_wconf 83' lang='grc' dir='ltr'><strong><em>προτέροις</em></strong></span> <span class='ocrx_word' id='word_1_45' title='bbox 455 837 569 903; x_wconf 77' lang='grc' dir='ltr'><strong><em>κακοῖς</em></strong></span> <span class='ocrx_word' id='word_1_46' title='bbox 595 829 730 910; x_wconf 92' lang='grc' dir='ltr'><strong><em>μείζονα</em></strong></span> <span class='ocrx_word' id='word_1_47' title='bbox 757 827 924 894; x_wconf 80' lang='grc' dir='ltr'><strong><em>ἐπιθεῖναι</em></strong></span> <span class='ocrx_word' id='word_1_48' title='bbox 951 832 1077 914; x_wconf 78' lang='grc' dir='ltr'><strong><em>τολμῶ-</em></strong></span> 
     </span>
     <span class='ocr_line' id='line_1_8' title="bbox 64 925 1076 1026; baseline 0.004 -29"><span class='ocrx_word' id='word_1_49' title='bbox 64 949 130 1015; x_wconf 88' lang='grc' dir='ltr'><strong><em>σιν,</em></strong></span> <span class='ocrx_word' id='word_1_50' title='bbox 154 934 200 1010; x_wconf 88' lang='grc' dir='ltr'><strong><em>είς</em></strong></span> <span class='ocrx_word' id='word_1_51' title='bbox 224 927 401 1026; x_wconf 84' lang='grc' dir='ltr'><strong><em>διάστασιν</em></strong></span> <span class='ocrx_word' id='word_1_52' title='bbox 423 927 561 1014; x_wconf 86' lang='grc' dir='ltr'><strong><em>άγοντες</em></strong></span> <span class='ocrx_word' id='word_1_53' title='bbox 582 928 622 996; x_wconf 85' lang='grc' dir='ltr'><strong><em>τά</em></strong></span> <span class='ocrx_word' id='word_1_54' title='bbox 644 929 767 1018; x_wconf 86' lang='grc' dir='ltr'><strong><em>πλήθη.</em></strong></span> <span class='ocrx_word' id='word_1_55' title='bbox 795 934 910 1012; x_wconf 83' lang='grc' dir='ltr'><strong><em>ἔδοξεν</em></strong></span> <span class='ocrx_word' id='word_1_56' title='bbox 933 925 996 1001; x_wconf 81' lang='grc' dir='ltr'><strong><em>οὖν</em></strong></span> <span class='ocrx_word' id='word_1_57' title='bbox 1019 961 1076 1020; x_wconf 93' lang='grc' dir='ltr'><strong><em>μοι</em></strong></span> 
     </span>
     <span class='ocr_line' id='line_1_9' title="bbox 62 1034 1118 1127; baseline 0.002 -24"><span class='ocrx_word' id='word_1_58' title='bbox 62 1039 142 1104; x_wconf 85' lang='grc' dir='ltr'><strong><em>πάσι</em></strong></span> <span class='ocrx_word' id='word_1_59' title='bbox 171 1043 240 1116; x_wconf 85' lang='grc' dir='ltr'><strong><em>τοίς</em></strong></span> <span class='ocrx_word' id='word_1_60' title='bbox 272 1037 391 1122; x_wconf 79' lang='grc' dir='ltr'><strong><em>δήμοις</em></strong></span> <span class='ocrx_word' id='word_1_61' title='bbox 405 1040 664 1124; x_wconf 83' lang='grc' dir='ltr'><strong><em>,προαγορεῦσαι</em></strong></span> <span class='ocrx_word' id='word_1_62' title='bbox 692 1034 749 1104; x_wconf 84' lang='grc' dir='ltr'><strong><em>διά</em></strong></span> <span class='ocrx_word' id='word_1_63' title='bbox 771 1041 870 1106; x_wconf 87' lang='grc' dir='ltr'><strong><em>τοῦδε</em></strong></span> <span class='ocrx_word' id='word_1_64' title='bbox 893 1039 982 1127; x_wconf 86' lang='grc' dir='ltr'><strong><em>(τοῦ)</em></strong></span> <span class='ocrx_word' id='word_1_65' title='bbox 1007 1044 1076 1107; x_wconf 88' lang='grc' dir='ltr'><strong><em>δια·</em></strong></span> <span class='ocrx_word' id='word_1_66' title='bbox 1096 1052 1118 1105; x_wconf 91' lang='grc' dir='ltr'>Β</span> 
     </span>
     <span class='ocr_line' id='line_1_10' title="bbox 61 1139 1077 1230; baseline 0.003 -20"><span class='ocrx_word' id='word_1_67' title='bbox 61 1144 227 1230; x_wconf 75' lang='grc' dir='ltr'><strong><em>τάγματος</em></strong></span> <span class='ocrx_word' id='word_1_68' title='bbox 259 1142 315 1209; x_wconf 84' lang='grc' dir='ltr'><strong><em>καὶ</em></strong></span> <span class='ocrx_word' id='word_1_69' title='bbox 346 1139 497 1230; x_wconf 85' lang='grc' dir='ltr'><strong><em>φανερὸν</em></strong></span> <span class='ocrx_word' id='word_1_70' title='bbox 524 1146 724 1229; x_wconf 82' lang='grc' dir='ltr'><strong><em>καταστῆσαι</em></strong></span> <span class='ocrx_word' id='word_1_71' title='bbox 731 1194 741 1228; x_wconf 90' lang='grc'><strong><em>,</em></strong></span> <span class='ocrx_word' id='word_1_72' title='bbox 773 1142 817 1230; x_wconf 84' lang='grc' dir='ltr'><strong><em>μή</em></strong></span> <span class='ocrx_word' id='word_1_73' title='bbox 847 1144 1077 1227; x_wconf 89' lang='grc' dir='ltr'><strong><em>συστασιάζειν</em></strong></span> 
     </span>
    </p>

    <p class='ocr_par' dir='ltr' id='par_1_4' title="bbox 22 1242 1122 1762">
     <span class='ocr_line' id='line_1_11' title="bbox 22 1242 1078 1338; baseline 0.008 -26"><span class='ocrx_word' id='word_1_74' title='bbox 22 1274 48 1314; x_wconf 79' lang='grc' dir='ltr'><strong><em>ιο</em></strong></span> <span class='ocrx_word' id='word_1_75' title='bbox 62 1242 132 1328; x_wconf 80' lang='grc' dir='ltr'><strong><em>τοῖς</em></strong></span> <span class='ocrx_word' id='word_1_76' title='bbox 154 1244 323 1336; x_wconf 89' lang='grc' dir='ltr'><strong><em>κληρικοῑς</em></strong></span> <span class='ocrx_word' id='word_1_77' title='bbox 345 1248 430 1335; x_wconf 73' lang='grc' dir='ltr'><strong><em>μηδὲ</em></strong></span> <span class='ocrx_word' id='word_1_78' title='bbox 452 1246 697 1316; x_wconf 87' lang='grc' dir='ltr'><strong><em>άναπείθεσθαι</em></strong></span> <span class='ocrx_word' id='word_1_79' title='bbox 720 1247 798 1338; x_wconf 91' lang='grc' dir='ltr'><strong><em>παρ’</em></strong></span> <span class='ocrx_word' id='word_1_80' title='bbox 824 1248 942 1327; x_wconf 62' lang='grc' dir='ltr'><strong><em>αῦτῦν,</em></strong></span> <span class='ocrx_word' id='word_1_81' title='bbox 958 1257 1078 1333; x_wconf 87' lang='grc' dir='ltr'><strong><em>λίθους</em></strong></span> 
     </span>
     <span class='ocr_line' id='line_1_12' title="bbox 63 1353 1076 1444; baseline 0.005 -22"><span class='ocrx_word' id='word_1_82' title='bbox 63 1364 172 1442; x_wconf 83' lang='grc' dir='ltr'><strong><em>αίρειν</em></strong></span> <span class='ocrx_word' id='word_1_83' title='bbox 203 1356 287 1444; x_wconf 76' lang='grc' dir='ltr'><strong><em>μηδὲ</em></strong></span> <span class='ocrx_word' id='word_1_84' title='bbox 319 1353 471 1422; x_wconf 80' lang='grc' dir='ltr'><strong><em>άπιστεῖν</em></strong></span> <span class='ocrx_word' id='word_1_85' title='bbox 502 1368 573 1434; x_wconf 78' lang='grc' dir='ltr'><strong><em>τοῖς</em></strong></span> <span class='ocrx_word' id='word_1_86' title='bbox 604 1353 780 1444; x_wconf 77' lang='grc' dir='ltr'><strong><em>ἄρχουσιν,</em></strong></span> <span class='ocrx_word' id='word_1_87' title='bbox 812 1353 896 1425; x_wconf 83' lang='grc' dir='ltr'><strong><em>ἄλλά</em></strong></span> <span class='ocrx_word' id='word_1_88' title='bbox 924 1360 1076 1428; x_wconf 83' lang='grc' dir='ltr'><strong><em>συνιέναι</em></strong></span> 
     </span>
     <span class='ocr_line' id='line_1_13' title="bbox 63 1458 1077 1551; baseline 0.007 -23"><span class='ocrx_word' id='word_1_89' title='bbox 63 1461 125 1548; x_wconf 76' lang='grc' dir='ltr'><strong><em>μὲν</em></strong></span> <span class='ocrx_word' id='word_1_90' title='bbox 162 1463 224 1541; x_wconf 78' lang='grc' dir='ltr'><strong><em>ἕως</em></strong></span> <span class='ocrx_word' id='word_1_91' title='bbox 258 1458 302 1530; x_wconf 85' lang='grc' dir='ltr'><strong><em>άν</em></strong></span> <span class='ocrx_word' id='word_1_92' title='bbox 334 1461 514 1545; x_wconf 81' lang='grc' dir='ltr'><strong><em>ἐθέλωσιν,</em></strong></span> <span class='ocrx_word' id='word_1_93' title='bbox 551 1459 709 1547; x_wconf 85' lang='grc' dir='ltr'><strong><em>εῦχεσθαι</em></strong></span> <span class='ocrx_word' id='word_1_94' title='bbox 742 1463 780 1529; x_wconf 74' lang='grc' dir='ltr'><strong><em>δὲ</em></strong></span> <span class='ocrx_word' id='word_1_95' title='bbox 810 1459 852 1542; x_wconf 82' lang='grc' dir='ltr'><strong><em>άς</em></strong></span> <span class='ocrx_word' id='word_1_96' title='bbox 883 1471 1077 1551; x_wconf 81' lang='grc' dir='ltr'><strong><em>νομίζουσιν</em></strong></span> 
     </span>
     <span class='ocr_line' id='line_1_14' title="bbox 64 1564 1122 1656; baseline 0.006 -22"><span class='ocrx_word' id='word_1_97' title='bbox 64 1564 163 1652; x_wconf 82' lang='grc' dir='ltr'><strong><em>εῦγδις</em></strong></span> <span class='ocrx_word' id='word_1_98' title='bbox 188 1564 271 1656; x_wconf 73' lang='grc' dir='ltr'><strong><em>ὑπὲρ</em></strong></span> <span class='ocrx_word' id='word_1_99' title='bbox 300 1566 442 1635; x_wconf 79' lang='grc' dir='ltr'><strong><em>ἑαυτῶν·</em></strong></span> <span class='ocrx_word' id='word_1_100' title='bbox 480 1571 510 1634; x_wconf 90' lang='grc' dir='ltr'><strong><em>εί</em></strong></span> <span class='ocrx_word' id='word_1_101' title='bbox 537 1566 574 1633; x_wconf 73' lang='grc' dir='ltr'><strong><em>δὲ</em></strong></span> <span class='ocrx_word' id='word_1_102' title='bbox 602 1565 820 1635; x_wconf 89' lang='grc' dir='ltr'><strong><em>άναπείθοιεν</em></strong></span> <span class='ocrx_word' id='word_1_103' title='bbox 841 1567 925 1656; x_wconf 76' lang='grc' dir='ltr'><strong><em>ὑπὲρ</em></strong></span> <span class='ocrx_word' id='word_1_104' title='bbox 950 1572 1077 1640; x_wconf 73' lang='grc' dir='ltr'><strong><em>ἑαυτῶν</em></strong></span> <span class='ocrx_word' id='word_1_105' title='bbox 1085 1594 1122 1632; x_wconf 87' lang='lat'><strong><em>1⁰1</em></strong></span> 
     </span>
     <span class='ocr_line' id='line_1_15' title="bbox 63 1670 982 1762; baseline 0.003 -22"><span class='ocrx_word' id='word_1_106' title='bbox 63 1672 266 1758; x_wconf 80' lang='grc' dir='ltr'><strong><em>στασιάζειν,</em></strong></span> <span class='ocrx_word' id='word_1_107' title='bbox 288 1672 402 1760; x_wconf 86' lang='grc' dir='ltr'><strong><em>μηκέτι</em></strong></span> <span class='ocrx_word' id='word_1_108' title='bbox 426 1671 600 1762; x_wconf 74' lang='grc' dir='ltr'><strong><em>συνᾴδειν,</em></strong></span> <span class='ocrx_word' id='word_1_109' title='bbox 622 1676 679 1739; x_wconf 80' lang='grc' dir='ltr'><strong><em>ἵνα</em></strong></span> <span class='ocrx_word' id='word_1_110' title='bbox 702 1670 746 1759; x_wconf 85' lang='grc' dir='ltr'><strong><em>μή</em></strong></span> <span class='ocrx_word' id='word_1_111' title='bbox 771 1677 868 1760; x_wconf 91' lang='grc' dir='ltr'><strong><em>δίκην</em></strong></span> <span class='ocrx_word' id='word_1_112' title='bbox 891 1678 982 1743; x_wconf 79' lang='grc' dir='ltr'><strong><em>δῶσι.</em></strong></span> 
     </span>
    </p>

    <p class='ocr_par' dir='ltr' id='par_1_5' title="bbox 20 1779 1115 2295">
     <span class='ocr_line' id='line_1_16' title="bbox 20 1779 1115 1872; baseline -0.001 -20"><span class='ocrx_word' id='word_1_113' title='bbox 20 1812 47 1852; x_wconf 81' lang='grc' dir='ltr'><strong><em>ιε</em></strong></span> <span class='ocrx_word' id='word_1_114' title='bbox 156 1783 267 1849; x_wconf 88' lang='grc' dir='ltr'><strong><em>Ταῦτα</em></strong></span> <span class='ocrx_word' id='word_1_115' title='bbox 294 1781 335 1847; x_wconf 89' lang='grc' dir='ltr'><strong><em>δέ</em></strong></span> <span class='ocrx_word' id='word_1_116' title='bbox 358 1805 416 1866; x_wconf 91' lang='grc' dir='ltr'><strong><em>μοι</em></strong></span> <span class='ocrx_word' id='word_1_117' title='bbox 443 1779 587 1867; x_wconf 82' lang='grc' dir='ltr'><strong><em>παρέστη</em></strong></span> <span class='ocrx_word' id='word_1_118' title='bbox 611 1782 650 1866; x_wconf 82' lang='grc' dir='ltr'><strong><em>τή</em></strong></span> <span class='ocrx_word' id='word_1_119' title='bbox 673 1783 877 1866; x_wconf 82' lang='grc' dir='ltr'><strong><em>Βοστρηνῦν</em></strong></span> <span class='ocrx_word' id='word_1_120' title='bbox 905 1785 975 1871; x_wconf 79' lang='grc' dir='ltr'><strong><em>ίδίηι</em></strong></span> <span class='ocrx_word' id='word_1_121' title='bbox 997 1793 1115 1872; x_wconf 81' lang='grc' dir='ltr'><strong><em>προ-Ο</em></strong></span> 
     </span>
     <span class='ocr_line' id='line_1_17' title="bbox 65 1882 1076 1973; baseline 0.004 -21"><span class='ocrx_word' id='word_1_122' title='bbox 65 1888 245 1973; x_wconf 87' lang='grc' dir='ltr'><strong><em>αγορεῦσαι</em></strong></span> <span class='ocrx_word' id='word_1_123' title='bbox 269 1883 362 1954; x_wconf 89' lang='grc' dir='ltr'><strong><em>πόλει</em></strong></span> <span class='ocrx_word' id='word_1_124' title='bbox 387 1882 443 1952; x_wconf 84' lang='grc' dir='ltr'><strong><em>διά</em></strong></span> <span class='ocrx_word' id='word_1_125' title='bbox 466 1883 503 1952; x_wconf 88' lang='grc' dir='ltr'><strong><em>τὸ</em></strong></span> <span class='ocrx_word' id='word_1_126' title='bbox 527 1882 586 1953; x_wconf 89' lang='grc' dir='ltr'><strong><em>τὸν</em></strong></span> <span class='ocrx_word' id='word_1_127' title='bbox 606 1886 785 1953; x_wconf 87' lang='grc' dir='ltr'><strong><em>ἐπίσκοπον</em></strong></span> <span class='ocrx_word' id='word_1_128' title='bbox 807 1890 907 1954; x_wconf 89' lang='grc' dir='ltr'><strong><em>Τίτον</em></strong></span> <span class='ocrx_word' id='word_1_129' title='bbox 924 1888 980 1971; x_wconf 80' lang='grc' dir='ltr'><strong><em>καὶ</em></strong></span> <span class='ocrx_word' id='word_1_130' title='bbox 998 1889 1076 1969; x_wconf 86' lang='grc' dir='ltr'><strong><em>τοῦς</em></strong></span> 
     </span>
     <span class='ocr_line' id='line_1_18' title="bbox 63 1982 1077 2081; baseline 0.005 -23"><span class='ocrx_word' id='word_1_131' title='bbox 63 1990 243 2079; x_wconf 86' lang='grc' dir='ltr'><strong><em>κληρικοῦς</em></strong></span> <span class='ocrx_word' id='word_1_132' title='bbox 275 1992 306 2072; x_wconf 82' lang='grc' dir='ltr'><strong><em>ἐξ</em></strong></span> <span class='ocrx_word' id='word_1_133' title='bbox 339 1982 388 2059; x_wconf 74' lang='grc' dir='ltr'><strong><em>ὧν</em></strong></span> <span class='ocrx_word' id='word_1_134' title='bbox 420 1991 583 2058; x_wconf 79' lang='grc' dir='ltr'><strong><em>ἐπέδοσαν</em></strong></span> <span class='ocrx_word' id='word_1_135' title='bbox 615 1995 756 2076; x_wconf 83' lang='grc' dir='ltr'><strong><em>βιβλίων</em></strong></span> <span class='ocrx_word' id='word_1_136' title='bbox 781 1995 843 2059; x_wconf 88' lang='grc' dir='ltr'><strong><em>τοῦ</em></strong></span> <span class='ocrx_word' id='word_1_137' title='bbox 869 1990 950 2078; x_wconf 85' lang='grc' dir='ltr'><strong><em>μετά</em></strong></span> <span class='ocrx_word' id='word_1_138' title='bbox 981 1993 1077 2081; x_wconf 71' lang='grc' dir='ltr'><strong><em>σφ’ῦν</em></strong></span> 
     </span>
     <span class='ocr_line' id='line_1_19' title="bbox 64 2092 1076 2187; baseline 0.005 -23"><span class='ocrx_word' id='word_1_139' title='bbox 64 2097 218 2184; x_wconf 85' lang='grc' dir='ltr'><strong><em>πλήθους</em></strong></span> <span class='ocrx_word' id='word_1_140' title='bbox 244 2096 522 2183; x_wconf 78' lang='grc' dir='ltr'><strong><em>κατηγορηκέναι,</em></strong></span> <span class='ocrx_word' id='word_1_141' title='bbox 555 2094 628 2185; x_wconf 76' lang='grc' dir='ltr'><strong><em>(ὡς)</em></strong></span> <span class='ocrx_word' id='word_1_142' title='bbox 652 2092 763 2165; x_wconf 76' lang='grc' dir='ltr'><strong><em>αὐτῶν</em></strong></span> <span class='ocrx_word' id='word_1_143' title='bbox 790 2097 852 2183; x_wconf 75' lang='grc' dir='ltr'><strong><em>μὲν</em></strong></span> <span class='ocrx_word' id='word_1_144' title='bbox 873 2101 1076 2187; x_wconf 90' lang='grc' dir='ltr'><strong><em>παραινούν-</em></strong></span> 
     </span>
     <span class='ocr_line' id='line_1_20' title="bbox 62 2199 1077 2295; baseline 0.002 -23"><span class='ocrx_word' id='word_1_145' title='bbox 62 2231 131 2272; x_wconf 89' lang='grc' dir='ltr'><strong><em>των</em></strong></span> <span class='ocrx_word' id='word_1_146' title='bbox 163 2207 208 2295; x_wconf 73' lang='grc' dir='ltr'><strong><em>τῷ</em></strong></span> <span class='ocrx_word' id='word_1_147' title='bbox 240 2201 362 2290; x_wconf 84' lang='grc' dir='ltr'><strong><em>πλήθει</em></strong></span> <span class='ocrx_word' id='word_1_148' title='bbox 398 2200 442 2291; x_wconf 87' lang='grc' dir='ltr'><strong><em>μή</em></strong></span> <span class='ocrx_word' id='word_1_149' title='bbox 477 2200 679 2288; x_wconf 81' lang='grc' dir='ltr'><strong><em>στασιάζειν,</em></strong></span> <span class='ocrx_word' id='word_1_150' title='bbox 716 2199 915 2290; x_wconf 86' lang='grc' dir='ltr'><strong><em>ὁρμωμένου</em></strong></span> <span class='ocrx_word' id='word_1_151' title='bbox 947 2205 984 2272; x_wconf 77' lang='grc' dir='ltr'><strong><em>δὲ</em></strong></span> <span class='ocrx_word' id='word_1_152' title='bbox 1015 2210 1077 2274; x_wconf 91' lang='grc' dir='ltr'><strong><em>τοῦ</em></strong></span> 
     </span>
    </p>

    <p class='ocr_par' dir='ltr' id='par_1_6' title="bbox 19 2305 1120 2824">
     <span class='ocr_line' id='line_1_21' title="bbox 19 2305 1076 2397; baseline 0.003 -20"><span class='ocrx_word' id='word_1_153' title='bbox 19 2344 48 2382; x_wconf 79' lang='lat'><strong><em>20</em></strong></span> <span class='ocrx_word' id='word_1_154' title='bbox 63 2310 217 2396; x_wconf 88' lang='grc' dir='ltr'><strong><em>πλήθους</em></strong></span> <span class='ocrx_word' id='word_1_155' title='bbox 251 2307 334 2397; x_wconf 88' lang='grc' dir='ltr'><strong><em>πρὸς</em></strong></span> <span class='ocrx_word' id='word_1_156' title='bbox 365 2305 512 2390; x_wconf 81' lang='grc' dir='ltr'><strong><em>ἀταξίαν.</em></strong></span> <span class='ocrx_word' id='word_1_157' title='bbox 563 2309 600 2375; x_wconf 94' lang='grc' dir='ltr'><strong><em>ἐν</em></strong></span> <span class='ocrx_word' id='word_1_158' title='bbox 630 2311 716 2394; x_wconf 89' lang='grc' dir='ltr'><strong><em>γοῦν</em></strong></span> <span class='ocrx_word' id='word_1_159' title='bbox 747 2324 816 2389; x_wconf 83' lang='grc' dir='ltr'><strong><em>τοϊς</em></strong></span> <span class='ocrx_word' id='word_1_160' title='bbox 847 2315 990 2395; x_wconf 81' lang='grc' dir='ltr'><strong><em>βιβλίοις</em></strong></span> <span class='ocrx_word' id='word_1_161' title='bbox 1021 2315 1076 2380; x_wconf 87' lang='grc' dir='ltr'><strong><em>καὶ</em></strong></span> 
     </span>
     <span class='ocr_line' id='line_1_22' title="bbox 66 2413 1076 2504; baseline 0.004 -20"><span class='ocrx_word' id='word_1_162' title='bbox 66 2414 173 2504; x_wconf 79' lang='grc' dir='ltr'><strong><em>αὐτὴν</em></strong></span> <span class='ocrx_word' id='word_1_163' title='bbox 206 2413 251 2503; x_wconf 82' lang='grc' dir='ltr'><strong><em>ἣν</em></strong></span> <span class='ocrx_word' id='word_1_164' title='bbox 283 2414 463 2501; x_wconf 83' lang='grc' dir='ltr'><strong><em>ἐτόλμησεν</em></strong></span> <span class='ocrx_word' id='word_1_165' title='bbox 496 2415 659 2502; x_wconf 76' lang='grc' dir='ltr'><strong><em>ἐγγράψαι</em></strong></span> <span class='ocrx_word' id='word_1_166' title='bbox 689 2415 751 2502; x_wconf 83' lang='grc' dir='ltr'><strong><em>τήν</em></strong></span> <span class='ocrx_word' id='word_1_167' title='bbox 783 2413 902 2503; x_wconf 84' lang='grc' dir='ltr'><strong><em>φωνήν</em></strong></span> <span class='ocrx_word' id='word_1_168' title='bbox 933 2414 1076 2501; x_wconf 85' lang='grc' dir='ltr'><strong><em>ῦπέταξά</em></strong></span> 
     </span>
     <span class='ocr_line' id='line_1_23' title="bbox 62 2520 1120 2614; baseline -0.001 -24"><span class='ocrx_word' id='word_1_169' title='bbox 62 2548 130 2609; x_wconf 90' lang='grc' dir='ltr'><strong><em>μου</em></strong></span> <span class='ocrx_word' id='word_1_170' title='bbox 151 2525 237 2613; x_wconf 77' lang='grc' dir='ltr'><strong><em>τῷδε</em></strong></span> <span class='ocrx_word' id='word_1_171' title='bbox 260 2525 304 2614; x_wconf 77' lang='grc' dir='ltr'><strong><em>τῷ</em></strong></span> <span class='ocrx_word' id='word_1_172' title='bbox 330 2520 536 2608; x_wconf 90' lang='grc' dir='ltr'><strong><em>διατάγματι.</em></strong></span> <span class='ocrx_word' id='word_1_173' title='bbox 568 2526 710 2605; x_wconf 64' lang='grc' dir='ltr'><strong><em>,Καίτοι</em></strong></span> <span class='ocrx_word' id='word_1_174' title='bbox 733 2527 944 2607; x_wconf 79' lang='grc' dir='ltr'><strong><em>Χριστιανῶν</em></strong></span> <span class='ocrx_word' id='word_1_175' title='bbox 967 2523 1076 2594; x_wconf 83' lang='grc' dir='ltr'><strong><em>ὄντων</em></strong></span> <span class='ocrx_word' id='word_1_176' title='bbox 1095 2536 1120 2589; x_wconf 89' lang='grc' dir='ltr'><strong><em>Ι)</em></strong></span> 
     </span>
     <span class='ocr_line' id='line_1_24' title="bbox 68 2626 1077 2719; baseline 0.003 -23"><span class='ocrx_word' id='word_1_177' title='bbox 68 2631 260 2716; x_wconf 79' lang='grc' dir='ltr'><strong><em>ἐφαμίλλων</em></strong></span> <span class='ocrx_word' id='word_1_178' title='bbox 282 2631 327 2719; x_wconf 74' lang='grc' dir='ltr'><strong><em>τῷ</em></strong></span> <span class='ocrx_word' id='word_1_179' title='bbox 350 2627 472 2714; x_wconf 86' lang='grc' dir='ltr'><strong><em>πλήθει</em></strong></span> <span class='ocrx_word' id='word_1_180' title='bbox 494 2631 562 2695; x_wconf 74' lang='grc' dir='ltr'><strong><em>τάν</em></strong></span> <span class='ocrx_word' id='word_1_181' title='bbox 579 2626 765 2714; x_wconf 79' lang='grc' dir='ltr'><strong><em>Ἑλλήνων,</em></strong></span> <span class='ocrx_word' id='word_1_182' title='bbox 787 2631 1017 2718; x_wconf 83' lang='grc' dir='ltr'><strong><em>κατεχομένων</em></strong></span> <span class='ocrx_word' id='word_1_183' title='bbox 1040 2633 1077 2699; x_wconf 79' lang='grc' dir='ltr'><strong><em>δέ</em></strong></span> 
     </span>
     <span class='ocr_line' id='line_1_25' title="bbox 64 2731 1076 2824; baseline 0.001 -21"><span class='ocrx_word' id='word_1_184' title='bbox 64 2738 104 2824; x_wconf 86' lang='grc' dir='ltr'><strong><em>τή</em></strong></span> <span class='ocrx_word' id='word_1_185' title='bbox 136 2731 278 2824; x_wconf 78' lang='grc' dir='ltr'><strong><em>ήμετέρρι</em></strong></span> <span class='ocrx_word' id='word_1_186' title='bbox 310 2734 517 2821; x_wconf 87' lang='grc' dir='ltr'><strong><em>παραινέσει,</em></strong></span> <span class='ocrx_word' id='word_1_187' title='bbox 549 2734 678 2819; x_wconf 88' lang='grc' dir='ltr'><strong><em>μηδένα</em></strong></span> <span class='ocrx_word' id='word_1_188' title='bbox 709 2737 865 2821; x_wconf 91' lang='grc' dir='ltr'><strong><em>μηδαμοῦ</em></strong></span> <span class='ocrx_word' id='word_1_189' title='bbox 894 2734 1076 2805; x_wconf 83' lang='grc' dir='ltr'><strong><em>άτακτείν.“</em></strong></span> 
     </span>
    </p>

    <p class='ocr_par' dir='ltr' id='par_1_7' title="bbox 21 2835 1078 2929">
     <span class='ocr_line' id='line_1_26' title="bbox 21 2835 1078 2929; baseline 0 -18"><span class='ocrx_word' id='word_1_190' title='bbox 21 2870 49 2912; x_wconf 77' lang='grc' dir='ltr'><strong><em>ετ</em></strong></span> <span class='ocrx_word' id='word_1_191' title='bbox 64 2844 169 2909; x_wconf 90' lang='grc' dir='ltr'><strong><em>ταῦτα</em></strong></span> <span class='ocrx_word' id='word_1_192' title='bbox 191 2840 255 2928; x_wconf 90' lang='grc' dir='ltr'><strong><em>γάρ</em></strong></span> <span class='ocrx_word' id='word_1_193' title='bbox 278 2841 368 2907; x_wconf 83' lang='grc' dir='ltr'><strong><em>ἐστιν</em></strong></span> <span class='ocrx_word' id='word_1_194' title='bbox 386 2836 470 2927; x_wconf 74' lang='grc' dir='ltr'><strong><em>ὑπὲρ</em></strong></span> <span class='ocrx_word' id='word_1_195' title='bbox 489 2835 584 2924; x_wconf 78' lang='grc' dir='ltr'><strong><em>ὑμῶν</em></strong></span> <span class='ocrx_word' id='word_1_196' title='bbox 602 2841 663 2906; x_wconf 91' lang='grc' dir='ltr'><strong><em>τοῦ</em></strong></span> <span class='ocrx_word' id='word_1_197' title='bbox 682 2837 864 2907; x_wconf 86' lang='grc' dir='ltr'><strong><em>ἐπισκόπου</em></strong></span> <span class='ocrx_word' id='word_1_198' title='bbox 881 2839 921 2908; x_wconf 81' lang='grc' dir='ltr'><strong><em>τά</em></strong></span> <span class='ocrx_word' id='word_1_199' title='bbox 939 2840 1078 2929; x_wconf 76' lang='grc' dir='ltr'><strong><em>ῥήματα.</em></strong></span> 
     </span>
    </p>
   </div>
   <div class='ocr_carea' id='block_1_3' title="bbox 63 3027 1086 3575">
    <p class='ocr_par' dir='ltr' id='par_1_8' title="bbox 63 3027 1086 3575">
     <span class='ocr_line' id='line_1_27' title="bbox 135 3027 1075 3103; baseline 0.003 -15"><span class='ocrx_word' id='word_1_200' title='bbox 135 3035 265 3088; x_wconf 81' lang='grc' dir='ltr'><strong><em>Ῑκακῶν</em></strong></span> <span class='ocrx_word' id='word_1_201' title='bbox 284 3034 322 3103; x_wconf 88' lang='grc' dir='ltr'><strong><em>Η]</em></strong></span> <span class='ocrx_word' id='word_1_202' title='bbox 342 3034 437 3094; x_wconf 80' lang='grc' dir='ltr'><strong><em>κακῶς</em></strong></span> <span class='ocrx_word' id='word_1_203' title='bbox 504 3027 575 3086; x_wconf 84' lang='grc' dir='ltr'><strong><em>4τά</em></strong></span> <span class='ocrx_word' id='word_1_204' title='bbox 593 3033 753 3100; x_wconf 84' lang='lat' dir='ltr'><strong>Horkelius]</strong></span> <span class='ocrx_word' id='word_1_205' title='bbox 770 3028 802 3088; x_wconf 85' lang='grc' dir='ltr'><strong><em>τὸ</em></strong></span> <span class='ocrx_word' id='word_1_206' title='bbox 830 3037 835 3092; x_wconf 88' lang='grc' dir='ltr'>Ι</span> <span class='ocrx_word' id='word_1_207' title='bbox 860 3037 953 3087; x_wconf 80' lang='lat' dir='ltr'><strong>Verba</strong></span> <span class='ocrx_word' id='word_1_208' title='bbox 971 3035 1021 3089; x_wconf 77' lang='grc' dir='ltr'><strong><em>καὶ</em></strong></span> <span class='ocrx_word' id='word_1_209' title='bbox 1039 3032 1075 3091; x_wconf 83' lang='grc' dir='ltr'><strong><em>τά</em></strong></span> 
     </span>
     <span class='ocr_line' id='line_1_28' title="bbox 64 3095 1076 3170; baseline -0.001 -14"><span class='ocrx_word' id='word_1_210' title='bbox 64 3095 163 3156; x_wconf 88' lang='grc' dir='ltr'><strong><em>πάντα</em></strong></span> <span class='ocrx_word' id='word_1_211' title='bbox 185 3096 299 3163; x_wconf 82' lang='grc' dir='ltr'><strong><em>ἐαυτοῖς</em></strong></span> <span class='ocrx_word' id='word_1_212' title='bbox 321 3097 495 3170; x_wconf 77' lang='grc' dir='ltr'><strong><em>προσνέμειν</em></strong></span> <span class='ocrx_word' id='word_1_213' title='bbox 524 3102 624 3153; x_wconf 74' lang='lat' dir='ltr'>delevit</span> <span class='ocrx_word' id='word_1_214' title='bbox 648 3101 732 3156; x_wconf 83' lang='lat' dir='ltr'><strong>Hrch,</strong></span> <span class='ocrx_word' id='word_1_215' title='bbox 819 3106 834 3155; x_wconf 89' lang='grc'>8</span> <span class='ocrx_word' id='word_1_216' title='bbox 864 3105 1076 3170; x_wconf 85' lang='grc' dir='ltr'><strong><em>προαγορεῦσαι</em></strong></span> 
     </span>
     <span class='ocr_line' id='line_1_29' title="bbox 64 3167 1076 3238; baseline 0.002 -15"><span class='ocrx_word' id='word_1_217' title='bbox 64 3168 181 3238; x_wconf 80' lang='lat' dir='ltr'><strong>Heyler]</strong></span> <span class='ocrx_word' id='word_1_218' title='bbox 201 3168 431 3238; x_wconf 85' lang='grc' dir='ltr'><strong><em>προσαγορεῦσαι</em></strong></span> <span class='ocrx_word' id='word_1_219' title='bbox 455 3169 460 3234; x_wconf 89' lang='grc'>1</span> <span class='ocrx_word' id='word_1_220' title='bbox 486 3167 536 3223; x_wconf 85' lang='grc' dir='ltr'><strong><em>τοῦ</em></strong></span> <span class='ocrx_word' id='word_1_221' title='bbox 557 3170 618 3222; x_wconf 80' lang='grc' dir='ltr'><strong><em>εδδ.</em></strong></span> <span class='ocrx_word' id='word_1_222' title='bbox 637 3170 704 3222; x_wconf 76' lang='lat' dir='ltr'><strong><em>Rsk,</em></strong></span> <span class='ocrx_word' id='word_1_223' title='bbox 724 3175 751 3220; x_wconf 82' lang='lat' dir='ltr'><strong><em>et</em></strong></span> <span class='ocrx_word' id='word_1_224' title='bbox 770 3173 805 3223; x_wconf 90' lang='lat' dir='ltr'><strong><em>H.</em></strong></span> <span class='ocrx_word' id='word_1_225' title='bbox 841 3171 983 3224; x_wconf 78' lang='lat' dir='ltr'><strong>Articulus</strong></span> <span class='ocrx_word' id='word_1_226' title='bbox 1002 3175 1076 3225; x_wconf 81' lang='lat' dir='ltr'>infra</span> 
     </span>
     <span class='ocr_line' id='line_1_30' title="bbox 64 3228 1076 3322; baseline 0 -30"><span class='ocrx_word' id='word_1_227' title='bbox 64 3246 141 3292; x_wconf 81' lang='lat' dir='ltr'><strong>recte</strong></span> <span class='ocrx_word' id='word_1_228' title='bbox 161 3241 270 3290; x_wconf 82' lang='lat' dir='ltr'><strong>additus</strong></span> <span class='ocrx_word' id='word_1_229' title='bbox 288 3248 331 3291; x_wconf 80' lang='lat' dir='ltr'><strong><em>est</em></strong></span> <span class='ocrx_word' id='word_1_230' title='bbox 371 3242 402 3290; x_wconf 82' lang='lat'><strong><em>11</em></strong></span> <span class='ocrx_word' id='word_1_231' title='bbox 421 3232 496 3322; x_wconf 63' lang='grc' dir='ltr'><strong><em>μηδὲ</em></strong></span> <span class='ocrx_word' id='word_1_232' title='bbox 515 3233 612 3303; x_wconf 77' lang='grc' dir='ltr'><strong><em>Ητολι,]</em></strong></span> <span class='ocrx_word' id='word_1_233' title='bbox 665 3229 704 3288; x_wconf 84' lang='grc' dir='ltr'><strong><em>’τε</em></strong></span> <span class='ocrx_word' id='word_1_234' title='bbox 719 3234 724 3303; x_wconf 84' lang='lat' dir='ltr'>l</span> <span class='ocrx_word' id='word_1_235' title='bbox 740 3228 878 3291; x_wconf 82' lang='grc' dir='ltr'><strong><em>άπειθεῐυ</em></strong></span> <span class='ocrx_word' id='word_1_236' title='bbox 897 3241 969 3299; x_wconf 71' lang='lat' dir='ltr'><strong><em>Pet„</em></strong></span> <span class='ocrx_word' id='word_1_237' title='bbox 993 3235 1076 3293; x_wconf 87' lang='grc' dir='ltr'><strong><em>άπει-</em></strong></span> 
     </span>
     <span class='ocr_line' id='line_1_31' title="bbox 65 3254 1076 3442; baseline 0 -83"><span class='ocrx_word' id='word_1_238' title='bbox 65 3311 144 3360; x_wconf 85' lang='grc' dir='ltr'><strong><em>στεῖν</em></strong></span> <span class='ocrx_word' id='word_1_239' title='bbox 167 3308 233 3388; x_wconf 55' lang='grc' dir='ltr'><strong><em>Ηυξ.</em></strong></span> <span class='ocrx_word' id='word_1_240' title='bbox 304 3311 334 3358; x_wconf 86' lang='grc'><strong><em>13</em></strong></span> <span class='ocrx_word' id='word_1_241' title='bbox 362 3297 451 3442; x_wconf 68' lang='grc' dir='ltr'><strong><em>εῦρας</em></strong></span> <span class='ocrx_word' id='word_1_242' title='bbox 473 3298 545 3371; x_wconf 75' lang='grc' dir='ltr'><strong><em>ὑπὲρ</em></strong></span> <span class='ocrx_word' id='word_1_243' title='bbox 572 3254 671 3380; x_wconf 56' lang='grc' dir='ltr'><strong><em>Ηζοῦή</em></strong></span> <span class='ocrx_word' id='word_1_244' title='bbox 701 3298 878 3388; x_wconf 26' lang='grc' dir='ltr'><strong><em>είχδιςςπεερλ</em></strong></span> <span class='ocrx_word' id='word_1_245' title='bbox 910 3367 917 3387; x_wconf 55' lang='lat'>‚</span> <span class='ocrx_word' id='word_1_246' title='bbox 943 3311 979 3384; x_wconf 61' lang='grc' dir='ltr'><strong><em>λδ</em></strong></span> <span class='ocrx_word' id='word_1_247' title='bbox 999 3315 1026 3358; x_wconf 86' lang='lat' dir='ltr'><strong><em>et</em></strong></span> <span class='ocrx_word' id='word_1_248' title='bbox 1046 3312 1076 3359; x_wconf 84' lang='lat'><strong><em>16</em></strong></span> 
     </span>
     <span class='ocr_line' id='line_1_32' title="bbox 63 3374 1086 3509; baseline 0 -14"><span class='ocrx_word' id='word_1_249' title='bbox 63 3388 289 3506; x_wconf 42' lang='lat' dir='ltr'><strong><em>2322&amp;ssssss</em></strong></span> <span class='ocrx_word' id='word_1_250' title='bbox 300 3374 409 3495; x_wconf 49' lang='lat'><strong><em>{¹3¹⁰}</em></strong></span> <span class='ocrx_word' id='word_1_251' title='bbox 437 3385 671 3492; x_wconf 57' lang='lat' dir='ltr'><strong><em>1⁷‘1f‘1&#39;›‘&#39;0“{{’⁰332ss‘.‘</em></strong></span> <span class='ocrx_word' id='word_1_252' title='bbox 681 3376 795 3492; x_wconf 59' lang='grc' dir='ltr'><strong><em>,τοιάδ</em></strong></span> <span class='ocrx_word' id='word_1_253' title='bbox 812 3392 856 3493; x_wconf 71' lang='grc' dir='ltr'><strong><em>ἔζί</em></strong></span> <span class='ocrx_word' id='word_1_254' title='bbox 872 3377 1086 3509; x_wconf 58' lang='grc' dir='ltr'><strong><em>εζέἷῖῗιῖιῖῗῖἒ</em></strong></span> 
     </span>
     <span class='ocr_line' id='line_1_33' title="bbox 64 3503 614 3575; baseline -0.007 -12"><span class='ocrx_word' id='word_1_255' title='bbox 64 3508 121 3563; x_wconf 77' lang='grc' dir='ltr'><strong><em>τῶν</em></strong></span> <span class='ocrx_word' id='word_1_256' title='bbox 190 3513 222 3560; x_wconf 78' lang='lat'><strong><em>21</em></strong></span> <span class='ocrx_word' id='word_1_257' title='bbox 241 3503 295 3575; x_wconf 83' lang='grc' dir='ltr'><strong><em>τήν</em></strong></span> <span class='ocrx_word' id='word_1_258' title='bbox 312 3510 379 3560; x_wconf 81' lang='lat' dir='ltr'><strong>mihi</strong></span> <span class='ocrx_word' id='word_1_259' title='bbox 397 3513 555 3575; x_wconf 74' lang='lat' dir='ltr'><strong>suspectum</strong></span> <span class='ocrx_word' id='word_1_260' title='bbox 573 3513 614 3559; x_wconf 80' lang='lat' dir='ltr'><strong><em>est</em></strong></span> 
     </span>
    </p>
   </div>
   <div class='ocr_carea' id='block_1_4' title="bbox 21 3591 864 3653">
    <p class='ocr_par' dir='ltr' id='par_1_9' title="bbox 21 3591 864 3653">
     <span class='ocr_line' id='line_1_34' title="bbox 21 3591 864 3653; baseline 0.012 -10"><span class='ocrx_word' id='word_1_261' title='bbox 21 3591 27 3599; x_wconf 43' lang='lat'><strong><em>³</em></strong></span> <span class='ocrx_word' id='word_1_262' title='bbox 116 3592 223 3644; x_wconf 69' lang='lat' dir='ltr'>tulimus</span> <span class='ocrx_word' id='word_1_263' title='bbox 237 3603 269 3643; x_wconf 89' lang='lat'><strong><em>11.</em></strong></span> <span class='ocrx_word' id='word_1_264' title='bbox 829 3603 864 3653; x_wconf 71' lang='grc'><strong><em>36</em></strong></span> 
     </span>
    </p>
   </div>
   <div class='ocr_carea' id='block_1_5' title="bbox 0 0 1213 3862">
    <p class='ocr_par' dir='ltr' id='par_1_10' title="bbox 0 0 1213 3862">
     <span class='ocr_line' id='line_1_35' title="bbox 0 0 1213 3862; baseline 0 0"><span class='ocrx_word' id='word_1_265' title='bbox 0 0 1213 3862; x_wconf 95' lang='lat' dir='ltr'><strong><em> </em></strong></span> 
     </span>
    </p>
   </div>
  </div>
 </body>
</html>
