2446 3870
160 113 221 176 130
462 116 607 168 mmm
625 115 871 165 nwfflmoffls

158 240 243 309 ἑάλω
271 240 418 327 πύποτε,
447 239 524 310 ούτε
552 245 659 322 οἰκίας
686 244 788 328 καλῆς
815 237 886 310 οὔτ’
918 240 1085 322 ἐπαύλεως
1112 269 1172 312 πο-

158 349 317 428 λυτελούς
345 344 422 416 ούτε
441 344 555 435 ὅρμων
574 336 812 435 σμαραγδίνων
839 347 1050 435 ἐπιθυμήσας
1076 345 1172 434 άφεί-

158 460 231 520 λετο
260 458 318 543 βίᾳ
345 449 367 540 ἢ
393 454 450 521 καὶ
477 464 594 522 πειθοῖ
618 450 698 534 τούς
724 454 960 541 κεκτημένους,
987 449 1060 521 ἀλλ’
1090 451 1173 525 οὐδὲ

157 557 317 645 γυναικὸς
344 560 522 647 ἐλευθέρας
548 556 630 629 ου’-δὲ
647 565 865 648 θεραπαίνης,
894 556 974 628 οὐδὲ
1002 556 1087 640 ὅλως
1108 557 1172 648 τὴν

157 663 276 733 άὸικον
308 661 497 753 ἀφροδίτην
527 662 693 754 ἠγάπησε,
730 667 786 734 καὶ
818 659 863 745 ὣς
895 662 975 734 οὐδὲ
1007 655 1055 733 οἷν
1087 657 1200 755 ύραιι

157 770 308 858 φύουσιν
344 768 486 857 άναθοῖν
521 771 583 860 τὴν
619 769 762 863 άμετρου
799 768 932 840 ἀπαιτεῖ
964 771 1172 859 πλησμονήν,

158 874 238 945 οὐδὲ
266 874 356 970 αύτῷ
384 880 508 967 θέρους
536 875 607 969 ω”ρρι
633 881 694 947 τού
721 877 930 968 κρυστάλλου
958 879 1062 964 μέλει,
1090 875 1171 946 οὐδὲ

108 995 137 1050 D
156 982 351 1071 μεταβάλλει
377 982 460 1073 πρὸς
486 982 544 1065 τάς
572 981 659 1070 ὥρας
686 982 748 1073 τὴν
776 993 921 1070 ολκησιν,
949 997 1018 1063 τοῖς
1044 1007 1171 1052 πονου·

156 1091 268 1177 μένοις
300 1088 337 1157 δὲ
370 1087 421 1159 άεὶ
453 1089 590 1176 πάρεστι
626 1093 684 1178 της
716 1087 819 1180 άρχῆς
855 1091 990 1177 μέρεσιν
1022 1084 1171 1176 ἀντέχων

155 1196 212 1263 καὶ
239 1193 323 1283 πρὸς
349 1193 386 1263 τὸ
414 1195 516 1284 κρύος
543 1196 599 1263 καὶ
626 1194 710 1284 πρὸς
740 1195 781 1265 τά
807 1195 920 1284 θάλπη
947 1192 988 1263 τά
1015 1209 1168 1279 νενναῖα;
1185 1222 1209 1260 ιο

155 1299 286 1368 τούτων
314 1299 351 1369 δὲ
378 1310 412 1368 ελ
435 1328 474 1388 με
506 1300 672 1371 κελεύοιτο
704 1304 819 1391 φέρειν
851 1296 932 1390 ύμῖν
964 1302 1097 1389 ἐμφανῆ
1129 1300 1169 1369 τά

154 1406 323 1494 τεκμήρια,
351 1406 503 1496 γνώριμα
521 1406 582 1495 μὲν
609 1410 673 1499 ἐρῶ
692 1409 748 1477 καὶ
767 1404 829 1477 ούκ
848 1405 1016 1496 ἀπορήσω,
1043 1406 1170 1497 μακρὸς

156 1511 193 1581 δὲ
226 1507 244 1580 ὁ
277 1512 376 1599 λόγος
407 1513 462 1582 καὶ
500 1514 694 1602 ὃιωλύγιος,
726 1517 802 1603 ἐμοί
831 1541 865 1582 τε
898 1511 940 1583 ού
971 1511 1072 1602 σχολὴ
1110 1511 1168 1595 τάς

155 1618 283 1706 μούσας
316 1620 368 1688 ἐπὶ
400 1623 563 1689 τοσούτου
594 1621 811 1710 θεραπεύειν,
843 1617 914 1690 ἀλλ’
946 1616 1016 1709 ὥρα
1049 1618 1168 1688 λοιπὸν

154 1722 237 1812 πρὸς
265 1731 366 1815 ἔργον
392 1728 580 1814 τρέπεσθαι.
1182 1750 1207 1789 15

222 1933 239 1980 4
256 1930 438 1998 θεραπαίνης
457 1928 493 1998 V]
512 1930 723 1998 θεραπαινίδος
779 1935 795 1984 5
813 1924 884 1985 ούθὲ
902 1929 941 2000 Η]
961 1923 1027 1984 ούτε
1079 1936 1095 1984 6
1113 1926 1166 1998 τὴν

151 1999 216 2048 add.
235 1999 293 2050 VM
320 2002 324 2062 Ι
351 1989 489 2052 ἀπαιτεῖν
506 2001 531 2051 V
600 1992 703 2052 λούθέ
722 1998 756 2066 V]
775 1992 841 2053 ούτε
