2446 3870
496 148 633 201 οαευιο
652 149 703 202 111.
1045 148 1107 214 151

157 274 292 365 σφόδρα
320 274 489 363 ἐπεθύμει,
516 274 578 364 τὴν
606 283 747 364 Σαμίων
774 273 916 365 ὕστερον
945 274 1105 347 ἀντιδοῦ-

125 410 144 449 ,ι
179 387 382 472 τυραννίδα,
424 377 569 469 ὁπηνίκα
607 381 698 471 οἶμαι
734 385 792 470 τῆς
827 379 936 464 Ἀσίας
972 380 1105 473 ἆποίσης

117 487 205 578 ύριος
236 489 384 575 κατέστη.
434 492 466 556 εί
496 485 538 575 δὴ
577 480 641 557 οὖν
677 490 733 557 καὶ
765 486 866 570 αὐτὸς
902 488 1009 558 πολλὰ
1042 492 1105 578 μὲν

109 592 164 683 αρ’
196 591 310 681 αὐτῆς,
339 592 394 663 ὅτε
421 597 469 661 ἔτι
489 597 547 681 ζῆν
575 596 653 682 ἐξῆν
671 597 708 663 ἐν
735 591 870 686 ἡσυχίᾳ,
897 594 938 664 τδι
965 597 1104 684 μέγιστα

109 700 123 768 ἒ
151 697 198 768 δι’
229 698 336 788 αὐτὴν
367 697 457 789 παρὰ
484 703 546 768 τού
562 707 732 786 ’γενναίου
765 703 821 770 καὶ
848 702 1139 792 μεγαλόφρονοςο

109 807 250 886 ασιλέως
277 804 391 894 λαβὼν
413 801 622 894 δμολογοίην
644 809 706 876 τού
733 807 795 894 μὲν
822 803 1021 877 ἀντιδοῦναι
1038 807 1104 898 τὴν

113 933 165 1001 ιην
198 918 383 982 λείπεσθαι·
416 919 482 1000 ἔχει
509 906 574 1001 γδιρ
607 910 699 999 οἶμαι
731 913 903 1000 ξύμπαντα
930 912 1010 1005 παρ’
1041 913 1104 985 αύ-

97 1021 147 1087 tofi
174 1021 237 1088 τού
264 1020 320 1087 καὶ
347 1014 428 1107 ἡμῖν
460 1021 685 1107 χαρισαμένου
713 1021 877 1106 λαβοῦσα·
904 1023 956 1113 ’τῷ
983 1022 1104 1109 βούλε·

85 1136 169 1194 σθαι
188 1123 227 1193 δὲ
244 1123 306 1212 τὴν
333 1125 467 1214 μνήμην
490 1121 663 1193 ἀθάνατον
682 1121 768 1214 αὐτῇ
785 1127 855 1193 τῶν
874 1131 983 1216 ἔργων
1010 1131 1104 1214 γενέ-

43 1264 69 1302 10
84 1241 168 1299 σθαι
205 1231 262 1299 καὶ
299 1233 332 1312 ἐς
363 1227 450 1319 ὑμᾶς
486 1232 592 1300 ταῦτα
628 1227 860 1318 ἀπαγγέλλειν·
896 1231 1001 1321 τυχδν
1039 1232 1103 1304 ούκ

84 1334 379 1426 ἄγυωμονέστερος
406 1338 579 1425 φανοῦμαι
605 1339 667 1406 τού
685 1339 832 1427 Πέρσου,
861 1348 952 1429 είπερ
976 1345 1024 1421 είς
1041 1339 1104 1429 τὴν

84 1442 225 1531 γνώμην
258 1439 389 1532 ὁρῶντα
420 1441 482 1532 χρὴ
514 1449 657 1532 κρίνειν,
691 1440 764 1512 ἀλλ’
799 1442 862 1533 ούχ
899 1443 964 1537 ὅτῳ
1002 1449 1104 1537 παρέ-

84 1569 165 1637 σχεν
192 1545 213 1637 ἡ
241 1549 329 1636 τύχη·
356 1547 606 1618 πολλαπλάσιον
638 1546 793 1620 ἀποτῖσαι
824 1548 873 1647 ιδ·
891 1548 1103 1642 εὐεργέτημα.

83 1662 119 1722 τί
144 1679 223 1724 ποτε
252 1647 315 1724 οὖν
342 1653 406 1741 ἐγὼ
434 1657 598 1725 τοσούτου
616 1647 655 1723 εὖ
681 1666 806 1726 παθεῖν
834 1684 920 1746 φημι
947 1660 1003 1727 καὶ
1022 1656 1137 1733 ἄυθἸ)

46 1792 72 1832 15
85 1757 167 1829 ὅτου
200 1759 261 1829 τὸν
298 1757 429 1830 ἅπαντα
461 1761 586 1850 χρόνον
622 1758 798 1851 ὑπόχρεων
835 1762 980 1851 ἐμαυτὸν
1013 1763 1101 1834 εἶναι

83 1865 219 1956 χάριτος
255 1863 407 1953 ὁμολογῶ
443 1869 536 1956 τῇδε,
578 1867 712 1958 σφόδρα
754 1865 912 1958 ύρμησθε
953 1858 1101 1941 ἀκούειν.

83 1970 150 2059 ἐγὼ
180 1972 219 2041 δὲ
246 1968 309 2042 ούκ
336 1969 585 2063 ἀποκρύψομαι*
614 1974 688 2060 ἐμοὶ
715 1972 780 2062 γὰρ
799 1973 956 2060 βασιλεὺς
984 1972 1102 2045 οὑτοσὶ

83 2077 208 2166 σχεδὸν
235 2081 271 2147 ἐκ
298 2077 417 2160 παιδὸς
434 2085 560 2167 νηπίου
578 2077 726 2165 γεγονὼς
752 2076 850 2166 ἤπιος
867 2082 979 2148 πᾶσαν
997 2077 1100 2172 ύπερ-

84 2185 241 2272 εβύλλετο
260 2191 465 2272 φιλοτιμίαν,
492 2185 664 2254 κινδύνων
681 2210 715 2253 τε
739 2184 925 2273 ἐξαρπάσας
946 2187 1101 2274 τηλικού-
1134 2271 1136 2273 ¹

45 2319 170 2378 εοτων,
202 2287 262 2372 οὓς
298 2288 373 2360 οὐδ’
409 2287 452 2360 δν
487 2287 583 2379 ἡβῶν
615 2289 701 2380 ἀνὴρ
738 2283 778 2361 εὖ
804 2291 892 2380 μύλα
919 2282 1154 2382 διαφύγοι,ιις

83 2395 129 2485 μὴ
158 2402 256 2478 θείας
282 2394 375 2478 τινὸς
401 2394 659 2485 καδ“οἰμηχύνου
688 2405 854 2487 σωτηρίας
880 2400 1002 2488 ταχύν,
1030 2399 1101 2471 εἶτα

82 2501 146 2591 τὴν
176 2509 287 2571 οίκίαν
314 2511 590 2590 καταληφθεῖσαν
607 2503 760 2594 καθάπερ
784 2503 835 2574 ἐπ’
857 2508 993 2595 ἐρημίας
1011 2506 1103 2598 παρά

83 2637 146 2678 του
174 2611 242 2677 τῶν
270 2612 449 2677 δυναστῶν
477 2605 630 2696 ιἰφείλετο
660 2607 721 2691 ξύν
749 2615 826 2698 δίκη
844 2612 900 2680 καὶ
928 2610 1102 2701 ἀπέφηνεν
1182 2690 1184 2696 ,

84 2707 189 2796 αὖθις
225 2715 397 2784 πλούσιον.
446 2716 502 2783 καὶ
540 2712 625 2784 ἄλλα
656 2712 699 2784 δν
735 2721 841 2804 ἔχοιμι
878 2720 954 2808 περὶ
992 2716 1102 2788 αύτοῦ

42 2820 170 2912 ωπρὸς
197 2817 284 2908 ὑμᾶς
311 2826 417 2890 εἰπεῖν
445 2827 492 2902 είς
519 2819 665 2909 ἐμαυτὸν
684 2827 764 2911 ἔργα
792 2827 915 2911 πολλῆς
942 2823 1017 2905 ἄξια
1044 2825 1103 2913 χύ-

83 2955 192 3018 ριτος,
219 2923 303 3018 ὑπὲρ
332 2918 381 2994 οἷν
407 2925 468 2996 τὸν
495 2924 624 2996 ἅπαντα
652 2927 776 3017 χρόνον
804 2926 929 2998 εὔνουν
957 2927 1103 3018 ἐμαυτὸν

170 3199 188 3246 2
210 3188 325 3276 ἁπάσης
343 3191 379 3260 V]
398 3186 499 3259 πύοης
578 3198 594 3245 3
617 3180 668 3247 ούν
692 3195 753 3245 add
772 3198 797 3246 V
882 3199 898 3246 9
921 3189 1060 3262 ⁰113in]
1071 3190 1103 3250 ἐν

84 3258 164 3341 αύτη
244 3264 277 3313 13
296 3255 435 3313 ἀποτῖσαι
452 3259 489 3326 Η]
507 3252 645 3314 αποτίοαι
724 3264 757 3312 14
774 3260 911 3313 τοσούτου
928 3263 956 3312 Η
974 3270 1002 3314 et
1020 3265 1086 3317 Cob.

83 3329 221 3384 τοιοῦτον
291 3332 322 3382 18
340 3346 426 3394 ηπιος
443 3329 501 3382 VM
519 3335 576 3394 pet.
646 3332 678 3380 19
696 3344 727 3380 τε
744 3324 832 3394 Vl&
854 3329 859 3394 Ι
883 3322 1090 3396 ἔξαρπύσαςΗ

83 3441 302 3527 ἔξαρπύσαιἿ,
325 3439 503 3514 ἐξήρπασεν
572 3425 605 3498 20
628 3437 722 3498 οὐδ’
713 3437 750 3499 ἂν
768 3446 805 3512 H]
829 3437 899 3500 ούδὲ
929 3446 933 3513 Ι
969 3417 1103 3521 διαφύγοη
1191 3433 1196 3440 ’

83 3518 124 3584 V,
153 3508 285 3583 διαφύγη
312 3515 341 3565 Μ
427 3517 460 3566 22
486 3514 730 3580 καταληφθεῖσαν
753 3515 824 3579 VM]
848 3518 1103 3585 καταλειφθεῖσαν
