2446 3870
147 132 210 194 212
448 131 590 183 mmm
613 129 861 182 IMPERATORIS

148 257 266 345 λόγον,
303 257 462 345 ἐχρήσατο
495 253 527 325 δ’
563 248 626 324 οὖν
663 253 760 344 ὅμως.
809 253 847 324 τὸ
878 256 1090 345 παράδειγμα
1128 257 1165 325 δὲ

149 360 211 432 οόκ
244 368 291 444 είς
324 360 495 443 άπόδειξιν
528 364 619 451 φέρω
651 365 713 430 τοῦ
745 361 860 448 λόγου·
898 363 953 430 καὶ
986 359 1051 451 γάρ
1084 359 1166 431 ου’δὲ

149 467 317 550 ἀποδείξει
344 466 405 557 χρὴ
434 475 549 556 λαβεῖν
577 464 670 554 αὐτό,
698 464 770 536 ἀλλ’
801 462 937 557 ἐπιβολῇ
966 468 1062 555 μόνη,
1089 469 1166 557 περὶ

149 572 213 665 γάρ
240 577 309 643 τῶν
335 574 477 664 πρώτων
505 576 621 642 αἰτιῶν
650 569 779 660 ἐστινίη
807 576 874 641 των
893 601 931 659 γε
959 569 1167 661 δμοστοίχων

149 694 220 762 τοίς
251 680 409 770 πρώτοις,
442 689 533 770 είπερ
565 675 646 768 ἡμῖν
684 683 788 766 ἐστιν,
826 677 936 769 ὥσπερ
970 671 1033 748 οὖν
1070 677 1193 760 άξιοντ

106 793 310 876 Βνομίζειν,
342 788 398 855 καὶ
427 781 444 855 ὁ
470 782 578 867 ’Ἀττις
608 785 711 867 θεός.
742 791 777 854 τί
807 784 844 854 δέ
875 787 931 854 καὶ
963 785 1063 855 ποῖόν
1098 789 1168 855 ἐστι

151 891 188 961 τὸ
226 893 449 983 παράδειγμα;
487 898 575 980 φησί
607 917 675 960 που
708 892 866 979 Πλάτων,
898 893 966 960 τῶν
997 892 1073 980 περὶ
1105 889 1167 979 τὴν

151 1005 290 1087 μίμησιν
323 998 565 1088 διατριβόντων
598 1003 630 1067 εί
660 997 720 1086 μέν
753 999 863 1066 ἐθέλοι
894 1023 944 1078 τις
980 1008 1167 1085 μιμεῖσθαι,

152 1102 236 1173 ὥστε
264 1105 519 1192 καθυφεστάναι
547 1101 586 1171 τά
614 1104 748 1191 μιμητά,
777 1103 906 1192 ἐργώδη
933 1130 968 1173 τε
995 1101 1083 1172 εἶναι
1110 1105 1168 1173 καὶ

152 1209 298 1298 χαλεπὴν
316 1212 372 1279 καλ
391 1209 433 1298 νὴ
452 1215 522 1278 Δία
540 1212 658 1294 γετοῦ
677 1205 849 1279 ἀδυνάτου
868 1215 1011 1297 πλησίον
1029 1212 1168 1297 μάλλον,
1183 1243 1207 1281 ιο

153 1313 294 1385 εὔκολον
322 1315 359 1384 δέ
381 1317 438 1384 καὶ
466 1317 589 1404 ῥᾳδίαν
612 1317 668 1382 καὶ
696 1315 829 1405 σφόδρα
848 1313 998 1404 δυνατὴν
1024 1314 1087 1403 τὴν
1112 1314 1169 1385 διά

153 1424 215 1488 τοῦ
256 1427 369 1490 δοκεῖν
413 1420 455 1489 τά
496 1418 578 1489 ὄντα
625 1425 843 1510 μιμουμένην.
903 1418 984 1490 ὅταν
1026 1413 1089 1491 οὖν
1130 1421 1168 1491 τὸ

153 1526 341 1616 κάτοπτρον
382 1527 541 1614 λαβόντες
580 1530 811 1617 περιφέρωμεν
847 1530 883 1596 ἐκ
923 1527 1059 1596 πάντων
1100 1531 1169 1596 των

154 1629 264 1701 όντων
292 1636 417 1724 ῥᾳδίως
436 1630 693 1721 άπομαξάμενοι,
722 1638 900 1721 δείκνυμεν
928 1633 1069 1702 ἑκάστου
1088 1631 1170 1715 τοὺς

103 1738 294 1821 164τόπους.
336 1743 372 1808 ἐκ
398 1739 521 1809 τούτου
548 1741 611 1807 τοῦ
637 1745 903 1828 παραδείγματος
930 1740 983 1807 ἐπὶ
1010 1736 1048 1807 τὸ
1078 1745 1167 1828 είρη-
1183 1765 1206 1806 15

154 1847 257 1933 μένον
293 1846 565 1934 μεταβιβάσωμεν
601 1843 638 1914 τὸ
677 1842 843 1933 ὁμοίωμα,
885 1842 930 1913 ἵν’
969 1837 991 1934 ᾗ
1027 1843 1064 1913 τὸ
1107 1845 1169 1934 μὲν

154 1952 340 2042 κάτοπτρον
378 1949 395 2022 ὁ
433 1951 609 2039 λεγόμενος
645 1947 711 2020 ὑπὸ
734 1948 991 2041 ,Ἀριστοτέλους
1028 1950 1169 2039 δυνάμει

153 2059 254 2140 τόπος
286 2061 396 2127 εἰδῶν.
446 2055 531 2129 αὐτὰ
564 2056 601 2125 δὲ
628 2056 690 2147 χρὴ
722 2056 762 2127 τά
790 2058 862 2145 είδη
895 2056 1058 2145 πρότερον
1086 2053 1169 2143 ὑφε-

155 2165 273 2232 στάναι
292 2165 425 2246 πάντως
452 2168 602 2252 ἐνεργείᾳ
629 2166 691 2232 τοῦ
720 2162 869 2251 δυνάμει.
909 2166 967 2250 τῆς
994 2169 1113 2232 τοίνυν
1133 2166 1170 2231 ἐν

124 2303 129 2315 ·
154 2265 235 2356 ἡμῖν
261 2273 380 2357 ψυχῆς,
409 2266 453 2351 ὡς
480 2272 536 2337 καὶ
561 2264 773 2356 Ἀριστοτέλει
801 2275 903 2355 δοκεῖ,
931 2267 1073 2357 δυνάμει
1100 2271 1169 2337 τῶν
1183 2294 1208 2333 20

137 2371 264 2442 όντων
293 2374 433 2462 ἐχούσης
459 2373 500 2442 τά
529 2378 613 2460 ελδη,
640 2378 707 2442 ποῦ
724 2378 858 2463 πρῶτον
886 2378 1043 2465 ἐνεργείηιΙ
1062 2375 1170 2462 θησό-

155 2490 242 2567 μεθα
269 2483 389 2562 ταῦτα;
423 2479 565 2570 πότερον
595 2481 631 2549 ἐν
658 2495 728 2561 τοῖς
755 2481 899 2563 ἐνόλοις;
932 2477 1004 2548 ἀλλ’
1035 2486 1104 2548 ἐστι
1133 2508 1169 2567 γε

117 2583 274 2653 Βταῦτά
297 2589 452 2676 φανερῶς
487 2584 527 2654 τά
562 2595 742 2657 τελευταία.
787 2593 932 2656 λείπεται
970 2583 1011 2672 δὴ
1048 2584 1170 2655 λοιπὸν

155 2688 281 2772 άόλους
322 2697 429 2774 αίτίας
471 2700 577 2780 ζητεῖν
618 2696 767 2783 ἐνεργείᾳ
803 2694 1065 2782 προτεταγμένας
1101 2695 1171 2760 τῶν

151 2797 295 2885 ἐνάλων,
323 2793 376 2880 αἷς
392 2803 659 2888 παρυποστάσαν
677 2801 732 2867 καὶ
752 2801 1056 2887 συμπροελθοῦσαν
1074 2794 1170 2885 ἡμῶν
1183 2821 1207 2862 ω

155 2903 216 2993 τὴν
249 2902 360 2993 ψυχὴν
392 2908 549 2994 δέχεσθαι
582 2905 643 2994 μὲν
675 2909 820 2992 ἐκεῖθεν,
852 2901 962 2995 ὥσπερ
995 2906 1028 2984 ἐξ
1061 2901 1170 2973 ὄντων

154 3014 257 3080 τινῶν
284 3009 325 3079 τά
344 3017 499 3101 ἔσοπτρα,
526 3010 607 3093 τοὺς
623 3015 692 3081 τῶν
715 3014 816 3080 είδῶν
835 3008 1019 3096 άναγκαϊον
1038 3009 1170 3096 λόγους,

224 3291 240 3338 3
263 3277 348 3356 αὐτό]
367 3289 462 3339 Malim
480 3281 571 3340 αὐτόν
590 3287 644 3352 (ει.
661 3283 712 3337 τόν
730 3278 828 3352 λόγον)
914 3289 932 3338 4
955 3281 1032 3338 ἐστιν
1050 3285 1088 3354 Η]
1112 3278 1171 3338 ἐστι

64 3380 66 3386 ·
158 3357 190 3406 10
211 3353 322 3420 μᾶλλον
345 3354 382 3423 Η]
405 3350 530 3421 βάλλειν.
561 3356 597 3406 cf.
622 3354 704 3405 1120
792 3355 910 3405 12et13
936 3346 969 3406 τό
996 3346 1170 3420 κάτοπτρον]

156 3421 229 3471 plat,
249 3422 282 3472 de
302 3423 369 3488 Rep.
388 3422 519 3475 115961)
590 3424 621 3473 16
639 3412 877 3488 μεταβιβάσωμεν
895 3417 935 3488 Η]
956 3414 1171 3488 διαβιβάσομεν

157 3491 189 3537 21
208 3483 326 3555 ἐχούσης
344 3487 417 3556 Pet.]
437 3482 541 3558 ἐχοάση
610 3493 644 3541 25
661 3487 884 3554 προόποστᾶσαν
902 3504 988 3554 marg.
1008 3494 1064 3554 pet.
1131 3566 1134 3569 ι
