2446 3870
141 131 202 196 164
441 133 586 185 IULIANI
609 132 856 186 IMPERATORIS

141 260 253 347 λόγοις
286 260 421 350 σφόδρα
453 262 637 351 ἐπιχειρῶν.
688 259 854 347 βούλεσθε
891 250 955 328 οὖν
993 262 1160 350 ἐπανερω-

141 370 249 455 τῶμεν
278 365 413 453 αύτούς,
441 375 475 435 εί
496 378 548 447 ’τις
575 363 689 435 αύτῶν
708 365 854 454 γαμετην
881 363 902 454 ἢ
930 369 1104 457 θυγατέρα
1129 371 1165 436 οί

141 473 303 561 τοιαύτην
331 471 461 561 εὔχεται
490 473 649 558 γενέσθαι
669 468 834 560 μᾶλλονῆ
862 470 924 560 τὴν
942 473 1162 561 Πηνελόπην;

140 586 249 649 καίτοι
282 582 335 648 ἐπὶ
367 580 489 667 ταύτης
517 575 620 648 οὐδὲν
639 577 786 669 Ὅμηρος
818 585 925 648 εἰπεῖν
957 585 1031 667 ἔσχε
1057 582 1164 648 πλέον

141 690 200 774 τῆς
227 686 454 776 σωφροσύνης
481 686 538 754 καὶ
565 689 625 774 τῆς
652 691 854 773 φιλανδρίας
881 687 937 754 καὶ
964 688 1022 773 τῆς
1050 687 1083 766 ἐς
1101 684 1193 755 τδνε

145 791 268 882 ἐκυρδν
297 796 480 880 ἐπιμελείας
507 791 642 861 καὶτὸν
660 798 777 861 παῖδα·
806 797 898 879 ἔμελε
927 792 964 860 δὲ
992 789 1057 881 όίρα
1085 791 1166 862 ούτε

142 902 211 968 τῶν
244 896 358 989 όιγρῶν
390 903 502 988 ἐκείνη
536 897 613 968 ούτε
645 902 713 967 τῶν
745 904 927 986 ποιμνίων·
961 905 1166 986 στρατηγίαν

144 1005 181 1074 δέ
208 1002 229 1093 ἢ
253 1011 463 1095 δημηγορίαν
492 1003 572 1075 ούδὲ
603 1003 686 1096 όναρ
711 1002 827 1093 (εἰκὸς)
857 1006 966 1094 ἐκείνη
993 1008 1166 1094 παραστῆ-

107 1119 203 1182 Βναί
228 1135 320 1181 ποτε·
356 1110 438 1181 ἀλλὰ
466 1114 522 1181 καί
552 1108 650 1180 ὁπότε
678 1113 787 1197 λέγειν
820 1113 921 1200 ἐχρῆν
948 1116 997 1191 είς
1027 1108 1068 1179 τδι
1096 1139 1166 1198 μει-

144 1246 257 1306 ρακια,
1181 1244 1206 1282 10

217 1355 319 1425 ’Ἁντα
346 1355 516 1444 παρειάων
545 1358 690 1444 σχομένη
719 1354 842 1446 λιπαρὰ
870 1357 1039 1445 κρήδεμνα

144 1495 258 1587 πρᾴως
292 1499 484 1583 ἐφθέγγετο.
534 1498 589 1564 καὶ
624 1493 687 1565 ούκ
725 1493 863 1587 ἀπορῶν
887 1494 1035 1586 ’Όμηρος
1073 1495 1168 1585 οἶμαι

145 1603 350 1691 τηλικούτων
378 1609 488 1692 ἔργων
508 1599 589 1672 ούδέ
608 1599 806 1690 ὀνομαστῶν
834 1600 885 1671 ἐπ’
916 1601 1031 1685 αὐτοῖς
1050 1631 1167 1689 γυναι-

146 1713 216 1780 κῶν
248 1709 373 1798 ταύτην
405 1706 534 1797 ὕμνησε
571 1708 813 1796 διαφερόντως·
847 1711 925 1797 ἐξῆν
957 1713 1043 1796 γοῦν
1074 1708 1167 1803 αύτῷ

146 1815 207 1904 τὴν
235 1820 292 1904 της
317 1813 493 1905 Ἀμαζόνος
521 1822 703 1903 φιλοτίμως
726 1815 816 1885 πύνυ
846 1823 1021 1905 στρατείαν
1049 1821 1167 1904 διηγη-
1182 1844 1207 1884 15

148 1925 280 2016 σαμένῳ
308 1921 371 2011 τὴν
398 1929 535 2010 ποίησιν
555 1919 689 1990 ἅπασαν
716 1924 880 2010 ἐμπλῆσαι
912 1921 1075 1991 τοιούτων
1095 1928 1168 2010 διη-

148 2030 306 2119 γημάτων
324 2033 456 2120 τέρπειν
475 2020 514 2097 εύ
532 2028 620 2116 μύλα
639 2029 694 2096 καὶ
713 2043 929 2116 ψυχαγωγεῖν
958 2030 1168 2117 δυναμένων.

96 2135 197 2205 128ού
225 2135 289 2228 γὰρ
318 2135 359 2225 δη
389 2143 518 2223 τείχους
546 2134 607 2221 μέν
636 2138 776 2222 α’ίρεσιν,
804 2136 861 2203 καὶ
889 2141 1088 2224 πολιορκίαν
1113 2137 1169 2205 καὶ

148 2242 275 2332 τρόπον
307 2241 382 2310 τινὰ
418 2247 609 2328 ναυμαχίαν
647 2238 733 2309 εἶναι
771 2245 957 2327 δοκοῦσαν,
993 2239 1054 2309 τὸν
1086 2241 1171 2331 πρὸς

148 2362 218 2427 τοῖς
246 2354 399 2435 νεωρίοις
425 2347 588 2434 πόλεμον,
617 2344 741 2435 ἀνδρός
767 2374 802 2415 τε
831 2345 881 2415 ἐπ’
913 2345 998 2436 αὐτῇ
1026 2349 1082 2416 καὶ
1110 2374 1208 2417 που

149 2456 255 2542 ταμού
283 2451 393 2542 μύχην
421 2453 609 2539 ἐπεισάγειν
630 2462 768 2521 οίκοθεν
788 2458 948 2523 διενοεῖτο
968 2457 1008 2543 τῇ
1037 2454 1171 2542 ποιήσει

149 2559 268 2627 καινόν
294 2586 326 2627 τι
345 2562 454 2645 λέγειν
473 2562 664 2647 ἐπιθυμῶν·
692 2562 791 2628 τοῦτο
813 2560 850 2629 δέ
869 2570 960 2649 είπερ
983 2552 1037 2648 ἦν,
1058 2557 1171 2648 ῶσπερ

150 2656 214 2733 οὖν
243 2687 337 2752 φασι,
365 2665 580 2754 σεμνότατον,
609 2663 780 2754 όλιγῶρως
808 2663 896 2734 ούτω
925 2663 1095 2757 παρέλιπε.
1140 2673 1176 2734 τί

149 2798 228 2840 ποτε
261 2763 324 2841 ούν
358 2770 400 2840 όίν
432 2798 481 2853 τις
514 2781 624 2840 αίτιον
656 2774 746 2858 λέγοι
781 2775 842 2841 τοῦ
863 2770 998 2860 ”κείνην
1027 2772 1089 2860 μὲν
1117 2775 1172 2841 ε’π-

150 2894 258 2948 αινεῖν
295 2878 496 2967 προθύμως,
535 2876 666 2965 τούτων
704 2877 741 2947 δέ
774 2880 828 2946 ἐπὶ
866 2878 1008 2968 σμικρὸν
1045 2906 1172 2968 μνημο-
1187 2904 1211 2945 τε

111 2986 282 3069 Βνεύειν;
313 2983 364 3055 ὅτι
393 2983 449 3054 δια
469 2984 530 3072 μέν
558 2981 620 3071 την
649 2986 778 3071 ἐκείνης
806 2983 927 3074 ἀρετὴν
955 2987 1011 3054 καὶ
1039 3005 1173 3074 σωφρο-

220 3227 451 3306 4ἐσχελ7]ἐχει
522 3239 537 3287 5
563 3229 708 3302 ἒςλἺείς
778 3227 885 3289 θουτε
903 3235 940 3319 Η]
962 3232 1032 3289 οὐδὲ
1103 3233 1175 3288 8εί-

152 3323 205 3384 κος
221 3306 283 3356 add
303 3307 369 3358 sssk.
442 3309 472 3357 11
493 3304 554 3368 Od
556 3320 593 3354 ss
614 3321 644 3383 α,
662 3308 714 3355 334
773 3308 804 3355 15
823 3304 1003 3369 στρατιανῩ
1072 3296 1140 3355 20
1122 3321 1175 3355 αν

153 3366 221 3440 δρός
240 3390 271 3424 τε
289 3372 323 3441 V]
342 3365 504 3453 ανδρόςδέ
573 3375 607 3422 24
626 3363 739 3439 ’'ustvnv
758 3369 798 3439 M]
810 3364 935 3451 ἐκείνην
1003 3373 1037 3423 25
1055 3365 1176 3450 σμικρὸν

152 3436 228 3508 VM]
258 3440 390 3518 σμικρῶν.
432 3440 614 3492 Scribendum
641 3445 735 3490 autem
766 3432 876 3492 τούτων
907 3439 978 3519 (τῶν
1009 3431 1177 3505 ὀνομαστῶν

146 3523 299 3569 γυναικῶν
314 3527 343 3574 p.
364 3501 512 3574 1271))ιλ
531 3501 599 3560 οὐδ’
620 3500 668 3559 ἐπὶ
687 3503 806 3575 σμικρόν
825 3503 1021 3574 μνημονεύειν
