2446 3870
472 191 606 243 οοΑνιο
625 192 673 243 v1.
1011 191 1072 254 251

55 316 118 407 τὴν
151 316 257 405 φύσιν
289 314 379 399 ὅπως
410 317 586 406 βιάσησθε.
631 319 687 388 καὶ
720 316 762 407 δὴ
794 321 895 387 τούτο
927 317 988 406 μὲν
1021 320 1073 387 ἐπὶ

55 427 220 494 τοσοῦτον
247 420 385 513 ἀπόχρη.

141 533 206 618 Τῆς
224 532 374 618 Κυνικῆς
402 529 439 598 δὲ
457 536 663 618 φιλοσοφίας
690 528 815 612 σκοπὸς
841 529 902 618 μέν
930 530 1072 600 ἐστικαὶ
1095 547 1119 600 D

53 638 159 724 τέλος,
188 633 298 726 ὥσπερ
327 634 369 723 δὴ
397 637 453 705 καὶ
480 636 588 724 πάσης
607 643 822 724 φιλοσοφίας,
849 635 886 704 τὸ
916 633 1074 724 εὐδαιμο-

25 759 140 831 ενεῖν,
168 741 206 811 τὸ
226 743 277 812 δὲ’
292 739 506 831 εὐδαιμονεῖν
533 745 571 810 έν
588 746 635 834 τῷ
660 746 718 830 ζῆν
736 741 820 812 κατά
839 741 964 830 φύσιν,
992 739 1075 811 ἀλλά

54 848 100 939 μὴ
129 847 214 939 πρὸς
240 847 299 930 τὰς
325 851 394 918 τῶν
420 851 554 917 πολλῶν
581 849 691 930 δόξας.
737 851 806 918 ἐπεὶ
833 850 982 929 καὶτοῖς
1010 876 1074 936 φυ-
1177 850 1183 859 ’

53 971 127 1037 τοῖς
163 947 203 1023 εὐ
239 954 394 1045 πράττειν
431 960 608 1042 συμβαίνει
645 955 701 1023 καὶ
738 956 852 1043 μέντοι
888 956 944 1025 καί
982 953 1076 1047 ζῴοις

55 1065 174 1149 πᾶσιν,
203 1059 287 1130 ὅταν
316 1064 380 1130 τού
406 1059 489 1130 κατά
523 1060 629 1148 φύσιν
657 1064 798 1130 ἕκαστον
826 1058 1076 1150 ἀνεμποδίστως

54 1167 205 1257 τυγχάνῃ
233 1170 361 1249 τέλους·
390 1164 473 1236 ἀλλὰ
499 1168 555 1235 καὶ
575 1168 613 1236 έν
639 1181 710 1249 τοῖς
737 1177 832 1248 θεοῖς
858 1167 959 1236 τοῦτό
986 1169 1076 1236 ἐστιν

14 1301 41 1340 ιο
56 1272 274 1363 εὐδαιμονίας
302 1271 395 1363 ὅρος,
427 1271 465 1341 τὸ
494 1279 582 1361 ἔχειν
609 1269 734 1355 αὐτοὺς
767 1271 877 1363 ὥσπερ
904 1273 1076 1361 πεφύκασι

54 1382 113 1450 καὶ
141 1382 272 1448 έαυτύν
303 1378 400 1448 εἶναι.
446 1375 574 1448 ούκούν
605 1380 661 1448 καὶ
688 1394 758 1461 τοῖς
785 1377 980 1470 ἀνθρώποις
1008 1376 1129 1467 ούχισε

56 1488 201 1576 ἑτέρωθί
225 1512 292 1555 που
310 1483 373 1573 τὴν
400 1480 628 1573 εὐδαιμονίαν
645 1483 944 1576 ἀποκεκρυμμένην
973 1506 1075 1576 προσ-

54 1595 131 1681 ήκει
170 1600 489 1682 πολυπραγμονεῖν,
521 1588 601 1661 οὐδὲ
642 1589 738 1675 ἀετὸς
784 1589 865 1662 οὐδὲ
910 1592 1078 1672 πλάτανος

58 1695 142 1768 οὐδὲ
179 1695 257 1770 ἀλλο
294 1725 325 1767 τι
361 1700 430 1766 τῶν
471 1694 582 1767 ὄντων
623 1698 716 1790 ζῴων
752 1694 773 1788 ἢ
811 1701 929 1786 φυτῶν
969 1700 1077 1786 χρυσᾶ

14 1832 41 1872 15
57 1804 302 1895 περιεργάζεται
316 1802 432 1892 ,πτερά
458 1805 515 1873 καί
534 1803 655 1892 φύλλα,
683 1801 765 1873 οὐδὲ
789 1802 879 1886 ὅπως
907 1801 1077 1893 ἀργυροῦς

56 1914 123 1994 ἔξει
150 1909 229 1993 τούς
256 1909 422 1999 βλαστούς
449 1906 469 1998 ἢ
497 1907 538 1979 τά
556 1913 707 2000 πλῆκτρα
724 1912 781 1979 καὶ
799 1913 919 2000 κέντρα
943 1913 1076 1997 σιδηρᾶ,

57 2020 186 2106 μᾶλλον
219 2016 256 2086 δὲ
288 2013 514 2104 ἀδαμάντινα,
548 2013 620 2085 ἀλλ’
659 2011 710 2098 οἷς
741 2013 827 2085 αὐτὰ
859 2018 892 2097 ἐξ
925 2013 1029 2105 ἀρχῆς
1056 2011 1076 2102 ἡ

57 2123 162 2212 φύσις
189 2122 365 2211 ἐκόσμησε,
397 2125 502 2192 ταῦτα
531 2128 562 2191 εί
588 2124 749 2212 ρωμαλία
775 2123 832 2197 καὶ
864 2122 947 2211 πρὸς
978 2121 1077 2209 τάχος

58 2228 175 2311 αὐτοῖς
201 2226 222 2317 ἢ
250 2228 334 2318 πρὸς
361 2226 466 2318 ἀλκὴν
492 2225 732 2319 ὑπουργοῦντα
758 2230 988 2318 προσγένοιτο,
1016 2227 1118 2317 μά·Β
1151 2267 1152 2271 =

17 2359 44 2401 ιο
58 2345 155 2406 λιστα
182 2331 226 2404 ἀν
253 2326 292 2413 εὐ
319 2335 475 2424 πράττειν
493 2341 622 2424 νομίζοι
649 2336 706 2405 καὶ
734 2332 966 2425 εὐθηνεῖσθαι.
1007 2338 1078 2416 πῶς

41 2435 124 2513 ὀὐν
153 2439 195 2512 ού
223 2450 371 2529 γελοῖον,
404 2450 437 2523 εί
460 2468 510 2523 τις
537 2439 719 2531 ἀνθρωπος
739 2438 894 2530 γεγονώς
921 2443 983 2523 ἔξω
1010 2467 1078 2511 που

57 2547 122 2637 τὴν
154 2545 375 2637 εὐδαιμονίαν
406 2548 676 2637 περιεργάσαιτο,
712 2551 861 2618 πλούτου
892 2549 948 2618 καὶ
980 2547 1079 2636 γένος

58 2656 117 2724 καὶ
145 2661 255 2743 φίλων
274 2654 421 2742 δύναμιν
439 2656 496 2723 καὶ
522 2654 632 2723 πάντα
655 2650 767 2736 ἀπλύς
793 2653 834 2724 τά
861 2658 999 2724 τοιαύτα
1017 2657 1080 2723 τού

59 2758 186 2842 παντὸς
222 2758 298 2842 ἀξια
334 2767 494 2848 νομίζυνς
536 2766 568 2829 εί
603 2760 665 2849 μὲν
701 2752 766 2830 οὐν
801 2756 882 2849 ἡμῖν
917 2756 938 2849 ἡ
977 2760 1080 2848 φύσις

17 2889 46 2934 ει
62 2864 173 2957 ὥσπερ
204 2881 275 2948 τοῖς
307 2866 401 2960 ζηύοις
438 2862 520 2935 αὐτὸ
535 2929 540 2935 .
557 2869 658 2936 τούτο
696 2863 845 2936 ἀπέδωκε
881 2867 1004 2954 μόνον,
1040 2863 1079 2933 τδ

60 2970 197 3060 σώματα
215 2974 271 3043 καὶ
290 2971 398 3062 ψνγάς
426 2972 543 3063 (ἔχειν)
572 2975 712 3055 ἐκείνοις
734 2978 976 3062 παραπλησίας,
996 2967 1080 3039 ὥστε

60 3079 168 3169 μηδὲν
198 3080 302 3149 πλέον
334 3088 643 3170 πολυπραγμονεῖν,
675 3077 769 3168 ἤρκει
801 3078 936 3164 λοιπόν,
969 3073 1120 3166 δι’σπερῦ
1207 3147 1208 3150 ,

59 3184 100 3255 τά
128 3185 228 3256 λοιπά
257 3189 333 3277 ζῷα,
361 3200 431 3267 τοῖς
459 3201 658 3274 σωματικοῖς
676 3182 854 3275 ἀρκεῖσθαι
880 3183 1079 3272 πλεονεκτη-

146 3359 163 3408 9
190 3347 269 3408 ἔστιν
288 3353 326 3422 Η]
355 3349 415 3408 ἔστι
501 3359 534 3406 22
561 3349 782 3423 περιεργάσαιτο
800 3353 837 3420 Η]
865 3326 1081 3420 περιεργάσοιτο

61 3426 95 3475 25
117 3416 150 3475 τδ
173 3422 338 3491 Horkelius]
362 3419 398 3475 τά
485 3427 518 3477 26
537 3418 615 3490 ἔχειν
632 3423 695 3474 αδδ.
715 3422 788 3473 idem
873 3424 905 3473 27
929 3416 1024 3487 μηδὲν
1043 3417 1080 3485 H]

60 3486 161 3558 μηδὲν
249 3494 282 3543 28
305 3488 552 3556 πλεονεκτήμασιν
575 3492 641 3542 Rsk.
666 3497 694 3542 ει
716 3487 876 3558 Horkelius]
900 3484 988 3542 πλέον
1012 3479 1082 3555 κτή-

61 3573 151 3625 μασιν
