2446 3870
476 179 614 232 ORATIO
633 182 680 232 VI.
1020 179 1084 243 239

67 300 142 377 οὖν
158 302 241 395 ἡμῖν
267 303 330 395 τὴν
357 312 566 395 φιλοσοφίαν
593 310 641 387 είς
671 305 778 376 πολλὰ
805 312 972 395 διαιρείτω
1000 307 1084 395 μηδὲ

67 420 116 496 είς
146 411 269 483 πολλά
290 414 449 500 τεμνέτω,
481 416 608 502 μᾶλλον
639 413 677 482 δὲ
708 411 752 502 μὴ
785 410 909 494 πολλὰς
941 415 977 482 ἐκ
1008 416 1085 500 μιᾶς

67 525 211 590 ποιείτω.
258 516 370 608 ὥσπερ
396 545 462 607 γαρ
490 515 631 607 ἀλήθεια
659 525 733 607 μία,
763 516 851 589 ούτω
879 519 917 588 δὲ
944 521 1000 588 καλ
1028 546 1083 606 φιν

69 632 217 714 λοσοφία
246 625 349 715 (μία)·
380 623 582 712 θαυμαστὸν
609 624 647 693 δὲ
675 623 792 714 οὐδέν,
824 631 856 695 εί
882 622 954 694 κατ’
985 622 1086 706 ἀλλας

40 735 123 803 εκαλ
157 729 260 813 ἀλλας
291 720 394 812 ὁδούς
425 728 477 799 ἐπ’
506 727 614 819 αὐτὴν
640 731 863 822 πορευόμεθα.
909 730 979 800 ἐπεὶ
1010 729 1085 817 κάν,

68 849 102 909 εί
124 866 175 919 τις
206 839 303 906 θέλοι
334 839 403 906 τῶν
435 837 540 918 ξένων
571 833 592 926 ἢ
621 839 678 906 ναὶ
709 837 755 926 μά
783 845 853 907 Δία
883 841 952 906 τῶν
983 837 1128 909 πάλαιΙ)

68 946 217 1016 πολιτιόν
250 945 448 1013 ἐπανελθεῖν
485 949 533 1024 είς
564 943 722 1032 Αθήνας,
758 943 898 1013 δύναιτο
931 943 992 1032 μὲν
1029 945 1085 1012 καὶ

66 1061 165 1121 πλεῖν
193 1051 250 1119 καὶ
277 1054 435 1137 βαδίζειν,
464 1045 596 1119 ὁδεύων
615 1049 652 1119 δὲ
681 1048 774 1138 οἶμαι
793 1049 850 1119 διά
877 1048 939 1139 γῆς
965 1046 985 1139 ἢ
1014 1063 1087 1130 ταῖς

68 1162 240 1238 πλατείαις
277 1158 424 1245 χρῆσθαι
460 1154 646 1245 λεωφόροις
678 1152 698 1244 ἢ
735 1171 807 1238 ταῖς
839 1153 999 1247 ἀτραποῖς
1030 1155 1087 1224 καὶ

27 1295 56 1334 ιο
70 1261 252 1350 σνντύμοις
289 1258 394 1343 ὁδοῖς·
432 1263 487 1331 καὶ
524 1267 621 1332 πλεῖν
657 1264 771 1351 μέντοι
808 1261 956 1332 δυνατὸν
996 1259 1086 1350 παρά

69 1366 150 1450 τοὺς
178 1369 367 1455 αἰγιαλούς,
399 1369 455 1437 καί
483 1367 525 1457 δὴ
561 1367 645 1458 (καὶ)
673 1367 756 1438 κατὰ
787 1367 849 1439 τὸν
876 1369 1007 1439 Πύλιον
1034 1370 1087 1456 νέ-
1118 1384 1121 1389 ’

70 1500 176 1564 ρονια
214 1473 376 1562 τέμνοντα
411 1476 554 1561 πέλανος
590 1477 702 1563 μέσον.
752 1474 795 1565 μὴ
834 1475 871 1545 δὲ
907 1475 1007 1544 τοῦτό
1038 1501 1088 1554 τις

35 1623 38 1630 ·
70 1577 155 1668 ἡμῖν
192 1582 401 1671 προφερέτω,
431 1589 472 1649 -εί
498 1602 587 1661 τινες
617 1583 686 1650 τῶν
719 1578 791 1650 κατ’
826 1578 929 1662 αύτάς
966 1580 1088 1650 ίόντων

73 1683 134 1766 τὰς
152 1681 253 1768 ὁδούς
270 1684 558 1776 ἀπεπλανήθησαν
576 1688 632 1755 καὶ
651 1684 797 1775 ἀλλαχοῦ
816 1712 883 1756 που
901 1685 1087 1775 γενόμενοι,

28 1823 58 1864 15
72 1791 227 1879 καθάπερ
254 1788 321 1862 ὑπὸ
348 1795 408 1880 τῆς
425 1799 552 1883 Κίρκης
578 1789 599 1881 ἢ
623 1795 691 1862 τάν
709 1793 929 1881 Λωτοφάγων
956 1788 1139 1880 ἡδονῆςιεο

71 1895 94 1987 ἢ
122 1897 223 1986 δόξης
254 1897 277 1987 ἥ
303 1926 395 1980 τινος
426 1896 529 1968 ἀλλον
557 1900 808 1985 δελεασθέντες,
835 1896 1089 1986 ἀπελείφθησαν

71 2005 269 2094 τοῦπρύσω
289 2011 444 2094 βαδίζειν·
455 2007 511 2074 καὶ
525 2008 738 2094 ἐφικνεῖσθαι
756 2007 818 2073 τού
836 2005 962 2089 τίλονς,
981 2001 1088 2092 (τοὺς)

71 2111 332 2200 πρωτεύσαντας
359 2112 397 2181 δὲ
424 2114 461 2181 ἐν
488 2112 608 2199 ἑκάστη
635 2114 704 2180 τῶν
727 2111 889 2200 αίρέσεων
916 2115 1089 2193 σκοπείτω,

73 2219 130 2287 καί
157 2216 269 2286 πάντα
296 2213 429 2307 εὑρήσει
456 2217 632 2306 σύμφωνα.

31 2353 59 2394 εο
159 2319 295 2393 Ούκούν
323 2320 423 2413 ὁμὲν
450 2323 516 2413 (ἐν)
535 2333 684 2411 Δελφοῖς
709 2321 791 2405 θεὸς
816 2321 854 2392 τὸ
875 2323 990 2392 Γνῶθι
1008 2342 1090 2390 σαν-

73 2427 137 2499 τὸν
163 2430 395 2519 προαγορεύει,
419 2425 629 2519 Ὴράκλειτος
649 2429 686 2499 δὲ
714 2430 941 2519 ,,ἐδιζησάμην
968 2429 1090 2517 ἐμεωυ-

73 2535 173 2622 τόν>“,
202 2533 285 2605 ἀλλά
311 2538 368 2606 καὶ
386 2531 604 2626 ’Πυθαγόρας
631 2540 725 2606 οἵτε
752 2532 809 2605 ἀπ’
840 2539 970 2606 ἐκείνου
998 2533 1092 2624 μέχρι

77 2642 299 2731 Θεοφράστου
326 2641 364 2712 τὸ
391 2640 475 2712 κατά
502 2643 649 2732 δύναμιν
668 2638 870 2731 ὁμοιοῦσθαι
897 2643 967 2732 θεῷ
997 2658 1131 2729 φασι,Β

75 2748 134 2817 καὶ
161 2746 225 2837 νάρ
252 2749 308 2817 καὶ
335 2745 567 2839 Ἀριστοτέλης.
613 2745 631 2818 δ
660 2747 724 2837 γὰρ
752 2744 846 2836 ἡμεῖς
871 2749 965 2833 ποτέ,
993 2750 1091 2816 τοῦτο

33 2849 97 2923 νεεδ
125 2852 207 2935 θεὸς
235 2851 295 2923 ἀεί’.
341 2864 474 2941 γελοῖον
502 2847 582 2945 (οὖν
609 2852 666 2944 ἀν)
695 2863 746 2942 είη
774 2854 834 2930 τὸν
860 2852 945 2923 θεὸν
973 2849 1093 2921 ἑαυτὸν

77 2958 123 3048 μὴ
156 2962 296 3030 εἰδέναι·
329 2964 451 3052 κομιδῇ
478 2960 541 3049 γὰρ
574 2958 677 3031 ούδδν
713 2969 836 3030 εἴσεται
871 2962 940 3028 τῶν
972 2954 1093 3040 ἀλλων,

148 3210 366 3278 4μίαοδδ.Η
434 3213 532 3265 ὁοῖδ
552 3203 622 3276 κάν,
648 3211 740 3272 εἴτις
759 3206 899 3276 θέλοι-Η]
923 3202 978 3260 καῖ
995 3199 1034 3260 ἀν
1052 3215 1094 3266 τίς

79 3275 156 3346 θέλῃ
228 3277 321 3347 θναλ]
340 3277 390 3331 καλ
408 3281 453 3331 Pe
522 3273 705 3346 θάτραποῖς]
723 3273 874 3347 ἀτρίπτοις
892 3279 936 3328 Pe
995 3279 1025 3326 11
1044 3273 1095 3326 καὶ

79 3342 118 3413 δὴ
139 3344 189 3399 κοιλ
207 3345 247 3412 H]
268 3345 318 3399 καὶ
337 3341 374 3412 δή
407 3347 412 3413 Ι
446 3340 567 3415 Πύλιον]
585 3348 685 3412 Odyss.
704 3364 734 3411 φ,
755 3350 804 3416 174
891 3349 921 3396 17
945 3337 1014 3402 τούς
1033 3343 1095 3394 εδδ.

79 3414 165 3468 Rsk..
219 3417 254 3466 20
272 3407 303 3467 ἔν
321 3415 382 3466 εδδ.
400 3418 462 3468 Pet.
533 3419 562 3466 21
583 3407 727 3482 ίμεωντάν
744 3413 781 3480 Η]
801 3407 938 3481 ἐμωύτύν.
967 3412 1003 3464 ef.
1021 3411 1095 3462 Plut.

80 3494 148 3532 mor.
169 3483 269 3534 11180
289 3482 434 3535 Βοίδιον.
456 3481 639 3549 Ποστοῦμος
709 3484 742 3534 25
765 3469 818 3534 οὖν
837 3471 873 3534 ἀν
897 3480 943 3548 εἴη
962 3477 1043 3546 Ποῖα]
1070 3473 1096 3530 εί

80 3550 115 3602 26
134 3542 223 3601 οὐδὲν
240 3546 278 3615 Η]
296 3545 394 3612 ούθλν,
961 3578 964 3583 -
1075 3577 1079 3583 -
