2446 3870
153 150 213 214 144
449 152 594 205 IULIANI
611 152 857 203 IMPERATORIS

150 277 195 362 ὡς
231 279 387 368 ἀπήντων
425 283 461 348 οί
498 281 600 366 δῆμοι
640 278 847 365 δεξιούμενοι
888 280 944 347 καὶ
980 286 1164 369 χαίροντες,

151 383 231 455 οὐδὲ
259 383 322 455 ὅσα
350 383 432 455 κατά
451 383 514 473 τὴν
541 380 624 454 ὁδὸν
643 387 775 472 ἐκείνην
802 383 936 474 λαμπρά
954 387 1009 453 καὶ
1038 386 1165 473 ζηλωτὰ

113 494 267 578 Βγέγονε
304 494 359 561 καὶ
396 494 569 578 ἐνομίσθη.
620 487 691 558 ἀλλ’
727 489 840 578 ἐπειδὴ
879 493 947 560 των
983 497 1165 579 βασιλείων

150 607 228 666 είσω
261 601 412 687 παρῆλθε
450 597 506 666 καὶ
542 600 599 684 τῆς
636 599 827 684 ἐπωνυμίας
863 596 985 684 ταύτης
1021 594 1165 686 ἠξιώθη,

149 711 185 772 τί
208 707 344 793 πρῶτον
362 709 463 792 ἔργον
482 706 610 790 ἐκείνης
637 705 765 789 γέγονε,
792 705 847 771 καὶ
868 693 970 783 αὖθις
993 703 1193 792 δεότερον,5

46 879 48 886 ,
149 812 204 879 καὶ
233 807 283 878 ἐπ’
315 807 405 901 αὐτῷ
432 815 556 898 τρίτον,
583 811 639 876 καὶ
666 805 772 877 πολλὰ
800 806 842 896 δὴ
870 808 958 896 μάλα
985 807 1022 877 τὸ
1051 812 1164 878 ἐντεῦ-

149 927 228 998 θεν;
257 913 299 984 οὐ
326 915 400 1005 γάρ,
428 921 460 983 εί
485 914 619 1004 σφόδρα
646 917 755 1001 λέγειν
782 916 931 1002 ἐθέλοιμι
953 915 1008 983 καὶ
1036 914 1165 1005 μακράς

149 1017 234 1111 ὑπὲρ
267 1021 396 1090 τούτων
428 1028 566 1108 βίβλους
594 1022 802 1106 ξυντιθέναι,
835 1017 988 1110 ἀρκέσειν
1014 1017 1164 1110 ὑπολαμ-

149 1127 243 1215 βάνω
275 1130 321 1219 τῷ
354 1127 476 1215 πλήθει
507 1129 577 1194 τῶν
604 1132 726 1216 ἔργων,
760 1123 822 1194 ὅσα
850 1129 959 1214 ἐκείνη
993 1127 1165 1217 φρόνησιν

149 1235 205 1302 καὶ
245 1233 414 1322 πρᾳότητα
452 1234 507 1301 καὶ
546 1231 772 1322 σωφροσύνην
808 1234 864 1300 καὶ
901 1239 1165 1322 φιλανθρωπίαν
1181 1259 1208 1298 ιο

151 1339 326 1409 ἐπιείκειάν
354 1365 388 1406 τε
416 1340 471 1407 καὶ
501 1336 754 1427 ἐλευθεριότητα
785 1340 841 1406 καὶ
868 1336 928 1419 τὰς
960 1335 1061 1419 άλλως
1088 1337 1164 1429 άρε-

109 1443 208 1526 Οτόις
235 1444 475 1534 ἐξεμαρτύρησε
502 1443 741 1533 λαμπρότερον,
768 1440 788 1532 ἢ
817 1447 883 1512 νῦν
906 1441 923 1513 ὁ
952 1443 1070 1533 παρὼν
1088 1449 1165 1535 περὶ

151 1548 255 1640 αὐτῆς
283 1551 381 1636 λόγος
413 1552 539 1638 δηλοῦν
571 1551 728 1639 ἐπιχειρεῖ
757 1552 813 1618 καὶ
845 1550 1058 1619 ἐκδιδάσκειν
1085 1551 1167 1634 τούς

150 1657 251 1724 πάλαι
284 1655 339 1725 διά
370 1660 439 1724 τῶν
477 1663 585 1746 ἐργων
622 1655 815 1743 ἐγνωκότας.
868 1653 910 1725 οὐ
945 1655 1012 1744 μὴν
1050 1657 1164 1746 ἐπειδὴ

147 1760 250 1831 ’κεῖνο
279 1765 447 1852 δυσχερές,
475 1765 602 1851 μάλλον
629 1761 666 1829 δέ
694 1759 864 1831 άδάνατον
893 1761 1017 1849 ἐφάνη,
1044 1788 1163 1832 παντε-
1181 1787 1206 1826 15

150 1870 215 1949 λῶς
243 1865 336 1949 άξιον
364 1864 448 1958 ὑπὲρ
477 1865 634 1937 ἁπάντων
654 1865 898 1954 ἀποσιωπῆσαι,
925 1872 1107 1956 πειρᾶσθαι
1127 1870 1165 1938 δὲ

150 1979 197 2054 είς
225 1974 370 2062 δύναμιν
398 1975 534 2062 φράζειν
566 1970 650 2064 ὑπὲρ
678 1972 790 2043 αὐτῶν
822 1976 877 2043 καὶ
905 1977 963 2061 τῆς
990 1974 1051 2063 μὲν
1080 2003 1164 2064 φρο-

150 2080 278 2169 νήσεως
304 2092 476 2150 ποιεῖσθαι
504 2096 643 2169 σημεῖον
670 2083 726 2148 καὶ
752 2084 811 2168 της
838 2077 939 2166 άλλης
966 2076 1084 2169 άρετης
1102 2081 1165 2149 πά-

151 2206 225 2273 σης,
259 2184 309 2254 ότι
345 2184 406 2254 τὸν
438 2187 589 2274 γήμαντα
627 2189 785 2272 διέθηκεν
818 2183 904 2254 οὕτω
930 2187 1012 2275 >περὶ
1045 2182 1164 2275 αὑτὴν,

151 2288 260 2379 ὥσπερ
290 2283 353 2359 οὖν
380 2289 474 2370 άξιον
493 2305 637 2378 γυναῖκα
656 2289 761 2379 καλὴν
788 2293 844 2360 καὶ
873 2298 1041 2378 γενναίαν.
1080 2290 1165 2361 ὥστε
1179 2317 1205 2356 νο

151 2401 254 2482 ἔγωγε
281 2399 339 2483 της
358 2396 556 2484 Πηνελόπης
582 2395 688 2465 πολλά
715 2399 771 2466 καὶ
799 2395 881 2466 άλλα
904 2405 1044 2485 νομίσας
1072 2401 1165 2467 ἐπαί-

105 2515 222 2570 Βνων
254 2500 328 2583 άξια
360 2505 458 2571 τοῦτο
492 2505 530 2570 ἐν
561 2518 631 2584 τοῖς
663 2504 803 2590 μάλιστα
830 2504 1006 2592 θαυμάζω,
1041 2501 1093 2572 ὅτι
1121 2505 1165 2593 δὴ

149 2606 210 2675 τὸν
238 2605 345 2697 άνδρα
377 2614 453 2677 λίαν
482 2615 593 2678 ἔπειθε
627 2612 776 2699 στέργειν
809 2612 863 2677 καὶ
897 2607 1030 2695 άγαπᾶν
1059 2607 1166 2699 αὑτὴν

149 2709 366 2804 ὑπερορῶντα
394 2717 466 2802 μέν,
495 2711 539 2796 ὡς
566 2722 660 2802 φασί,
689 2721 873 2804 δαιμονίων
892 2711 1019 2804 γάμων,
1048 2713 1164 2804 άτιμά-

151 2827 247 2902 ζοντα
285 2820 322 2888 δὲ
359 2819 400 2891 οὐ
436 2837 532 2911 μεῖον
564 2820 625 2909 τὴν
661 2824 729 2890 των
762 2820 921 2890 Φαιάκων
959 2822 1165 2909 ξυγγένειαν.
1180 2845 1204 2884 2⁵

149 2934 269 2997 Καίτοι
296 2954 334 3014 γε
362 2925 453 3016 εἶχον
482 2925 588 2997 αὐτοῦ
611 2931 716 2997 πάσαι
735 2930 908 3017 ἐρωτικῶς,
938 2926 1086 3010 Καλυψὼ
1107 2930 1164 2997 καὶ

149 3040 258 3122 Κίρκη
296 3036 352 3103 καὶ
388 3034 580 3104 Ναυσικάα·
618 3036 674 3102 καὶ
710 3025 753 3122 ἦν
789 3030 905 3114 αὐτοῖς
941 3031 982 3101 τά
1013 3040 1166 3121 βασίλεια

219 3255 232 3300 1
257 3244 407 3317 άπήντουν
424 3253 448 3301 V
516 3255 543 3302 '2
567 3247 637 3303 οὐδε
657 3249 693 3316 Η]
720 3243 787 3303 οὔτε
814 3252 819 3316 Ι
845 3244 958 3318 ἐκείνης
975 3250 1000 3301 V
1080 3251 1166 3303 διαὶ

150 3311 241 3369 πολλοὶ
261 3319 327 3384 VM]
345 3314 438 3371 πολλοὶ
507 3313 637 3386 9ἐκείνη
655 3317 760 3398 VMfl.]
779 3311 893 3397 ἐκείνης
957 3321 988 3370 15
1007 3322 1089 3372 κεῖνο
1106 3319 1166 3370 MV

98 3386 100 3391 '
150 3402 185 3439 m
202 3403 242 3450 pr.
262 3379 367 3452 (ἐκεῖνο
385 3403 419 3436 m.
438 3387 586 3453 recentior)
657 3389 688 3436 19
707 3377 782 3437 οὕτω
800 3384 847 3464 H]
856 3402 947 3446 ουτως
967 3386 972 3448 Ι
992 3378 1087 3452 αὐτὴν
1106 3388 1166 3436 VM

149 3455 182 3502 23
202 3449 304 3504 ἔπειθε
322 3452 390 3519 VM]
410 3452 460 3505 καὶ
480 3448 582 3506 ἔπειθε
652 3456 685 3504 24
694 3450 810 3538 γάμων]
829 3443 952 3521 άγαθῶν
970 3456 994 3504 V
1046 3457 1080 3514 25
1100 3453 1165 3519 ξυγ-

144 3516 264 3580 γένειαν
277 3518 313 3586 V]
335 3517 524 3586 ουγγέννειαν
594 3524 626 3572 26
648 3519 743 3572 καίτοι
762 3536 794 3584 γε
813 3519 846 3586 vJ
865 3519 915 3573 καὶ
933 3521 1011 3586 τοίγε
