2446 3870
479 153 615 203 ossmo
633 152 684 207 111,
1027 152 1085 216 137

129 331 178 362 τε,
207 281 301 360 τέλος
330 280 528 365 ἐποιήσαντο
556 278 618 367 τὴν
650 275 808 347 ἀποικίαν
835 281 893 366 τῆς
919 278 1003 368 πρὸς
1030 276 1086 348 άλ-

131 414 194 467 ονς
212 390 324 474 έριδος
352 387 408 454 καὶ
427 392 628 473 φιλοτιμίας·
657 383 727 453 εἶτα
746 383 875 464 ἑλόντες
893 382 955 472 τὴν
973 394 1086 455 Μακε-

134 500 192 562 ίαν
229 493 286 560 καί
319 493 415 577 γένος
453 489 570 580 ὄλβιον
606 488 841 572 ἀπολείποντες
872 497 1019 578 βασιλεῖς
1051 495 1087 559 έκ

117 600 238 668 σιλέων
266 599 437 667 διετέλουν
464 597 616 685 καθάπερ
644 599 769 685 κλῆρον
796 594 859 685 τὴν
885 595 986 686 τιμὴν
1014 601 1086 664 δια-

105 705 256 793 ηόμενοι.
306 702 432 784 πάντας
468 703 529 792 μὲν
561 695 627 772 οὖν
664 700 788 784 αὐτοὺς
824 705 973 771 ἐπαινεῖν
1010 700 1087 771 οὐτε

117 803 197 898 ηθὲς
225 806 303 878 οὐτε
331 807 424 898 οἶμαι
452 809 581 899 ῥάδιον.
627 811 760 878 πολλῶν
787 809 825 877 δὲ
858 806 1046 895 άγαθῶν’
1028 837 1086 877 αν-

101 921 164 987 νῶν
196 917 387 1004 γενομένων
419 917 475 985 και
507 914 758 984 καταλιπόντων
785 909 980 1002 Ἑλληνικοῦ
1011 914 1086 1003 τρό-

109 1051 137 1091 ιυ
167 1035 312 1110 μνημεῖα
338 1021 504 1109 πάγκαλα,
539 1027 702 1101 Φίλιππος
727 1021 783 1090 καὶ
812 1016 830 1088 ὁ
857 1020 981 1089 τούτου
1009 1036 1086 1101 παῖς

101 1130 174 1218 ρετῇ
207 1127 428 1216 διηνεγκάτην
455 1126 605 1214 πάντων,
634 1124 708 1196 ὅσοι
735 1126 836 1194 πάλαι
864 1132 1080 1207 Μακεδονίας
1088 1146 1139 1196 107

31 1283 55 1303 ,v
69 1237 128 1305 mxl
160 1234 292 1325 Θρᾴκης
318 1225 433 1322 ἦρξαν,
462 1231 553 1321 οἶμαι
581 1232 619 1303 δὲ
646 1237 750 1321 ἔγωγε
777 1234 832 1301 καὶ
860 1230 934 1302 ὅσοι
962 1237 1087 1302 Λυδῶν

69 1339 90 1430 ἢ
124 1341 259 1428 Μήδων
289 1341 345 1408 καὶ
372 1343 515 1429 Περσῶν
546 1341 602 1408 καὶ
632 1335 832 1427 Ἀσσυρίων,
864 1337 952 1426 πλὴν
978 1339 1088 1427 μόνου

70 1450 134 1517 τοῦ
154 1446 340 1535 Καμβύσου
368 1446 498 1532 παιδός,
527 1441 564 1526 ὃς
591 1448 627 1514 ἐκ
654 1448 722 1515 τῶν
740 1445 874 1534 Μήδων
902 1448 935 1526 ἐς
953 1448 1088 1532 Πέρσας

69 1551 134 1641 τὴν
168 1558 342 1644 βασιλείαν
368 1555 575 1640 μετέστησεν.
626 1547 725 1639 ὁμὲν
751 1549 815 1641 γάρ
843 1555 973 1641 πρῶτος
1001 1555 1086 1620 ἐπει-

72 1660 164 1751 ράθη
201 1656 263 1747 τὴν
300 1658 513 1728 Μακεδόνων
554 1653 696 1745 αὐξῆσαι
736 1657 897 1745 δύναμιν,
934 1659 989 1726 καὶ
1030 1661 1088 1745 τῆς

34 1787 59 1827 1⁵
73 1764 241 1854 Εὐρώπης
272 1762 313 1833 τά
344 1774 480 1834 πλεῖστα
512 1764 821 1852 καταστρεψάμενος
857 1762 939 1852 ὅρον
975 1763 1087 1852 ἐποιή-

73 1893 156 1942 σατο
183 1869 266 1961 πρὸς
294 1873 337 1939 ἕω
365 1870 427 1959 μὲν
453 1868 610 1958 καὶπρὸς
638 1875 847 1960 μεσημβρίαν
873 1867 935 1957 τὴν
962 1869 1087 1940 θάλατ-

71 2006 152 2064 ταν,
189 1973 246 2047 ἄπ’
287 1975 418 2066 άρκτων
455 1976 491 2045 δὲ
529 1975 621 2064 οἶμαι
656 1972 717 2044 τὸν
744 1972 878 2062 Ἵστρον
912 1978 968 2042 καὶ
1004 1974 1089 2063 πρὸς

73 2087 218 2174 ἑσπέραν
249 2082 288 2153 τὸ
318 2081 454 2174 Ὠρικὸν
490 2089 600 2164 ἔθνος.
651 2077 668 2151 ὁ
700 2080 823 2150 τούτου
860 2079 896 2149 δὲ
934 2071 978 2149 αὖ
1009 2095 1123 2161 παῖςΒ

73 2188 139 2262 ὑπὸ
167 2194 214 2284 τῷ
244 2197 442 2280 Σταγειρίτη
475 2193 570 2282 σοφῷ
602 2189 806 2280 τρεφόμενος
836 2189 1000 2256 τοσοῦτον
1032 2214 1086 2274 με-

37 2319 61 2358 ²⁰
74 2304 266 2388 γαλοψνχίᾳ
292 2301 361 2366 τῶν
388 2295 499 2366 άλλων
517 2292 675 2365 ἁπάντων
698 2296 851 2384 διήνεγκε
879 2295 934 2365 καὶ
953 2295 1088 2386 προσέτι

73 2404 134 2475 τὸν
162 2401 269 2473 αὐτοῦ
296 2407 422 2495 πατέρα
449 2407 489 2494 τῇ
507 2410 688 2495 στρατηγία
715 2405 770 2472 καὶ
788 2406 828 2492 τῇ
846 2404 1089 2493 θαρραλεότητι

74 2513 129 2581 καὶ
157 2525 232 2592 ταῖς
258 2508 373 2592 άλλαις
404 2508 536 2599 ἀρεταῖς
567 2505 871 2684 ὑπερβαλλόμενος,
905 2507 966 2581 οὐκ
994 2507 1089 2591 άξιον

74 2614 167 2710 αὐτῶ
197 2620 255 2706 ζην
286 2613 601 2706 ὐπελάμβανεν,εί
629 2614 674 2704 μὴ
709 2616 909 2704 ξυμπάντων
942 2613 1048 2705 μέν’
1029 2645 1087 2685 αν-

74 2724 237 2815 θρῶπων,
264 2725 400 2793 πάντων
428 2724 466 2793 δε
484 2725 599 2792 ἐθνῶν
626 2724 827 2813 κρατησειεν.
873 2721 1000 2793 οὐκοῦν
1027 2751 1088 2811 την

39 2850 62 2890 ²⁵
74 2831 137 2919 μέν
166 2827 282 2899 Ἀσίαν
315 2833 438 2918 ἐπῆλθε
467 2830 646 2918 σύμπασαν
677 2831 999 2918 καταστρεφόμενος,
1031 2831 1124 2899 καὶΟ

75 2935 259 3025 άνίσχοντα
290 2940 420 3027 πρῶτος
451 2933 644 3025 άνθρῶπων
670 2934 731 3005 τὸν
758 2934 855 3025 ἥλιον
881 2934 1089 3025 προσεκύνει,

76 3040 276 3134 ὡρμημένον
308 3042 345 3112 δὲ
378 3040 483 3112 αὐτὸν
520 3044 573 3112 ἐπὶ
609 3039 671 3130 τὴν
702 3039 886 3131 Εὐρώπην,
924 3038 1013 3120 ὅπως
1049 3039 1090 3108 τά

145 3323 161 3370 2
181 3311 308 3438 ἑλόντες]
329 3314 443 3385 ἔχοντες
462 3320 528 3370 ΗεΙτ.
597 3322 613 3370 3
632 3311 835 3375 άπολείποντες
841 3314 882 3401 V]
901 3308 1090 3373 ἀπολιπόντες

77 3391 109 3439 13
137 3381 311 3464 μετέστησεν
334 3383 370 3453 V]
395 3383 569 3466 κατεστησεν
656 3388 687 3437 16
705 3382 884 3464 μεσημβρίαν
922 3375 988 3435 έέσπ
990 3399 1045 3449 ραν
1066 3386 1090 3432 V

78 3458 110 3506 19
128 3468 267 3505 τοοουτον
279 3451 313 3519 V]
332 3450 457 3536 τοσούτφ
476 3452 605 3520 (τοσοντο
617 3451 656 3519 Μ)
703 3455 734 3503 21
754 3444 883 3503 αὐτούλ7
968 3454 1000 3501 22
1018 3451 1090 3501 Ante

78 3516 131 3573 οὐκ
151 3513 236 3584 ἄξιον
253 3523 363 3572 videtur
380 3507 456 3574 ῶσθ’
476 3520 610 3572 excidisse
681 3523 713 3572 23
736 3511 813 3572 αὐτῶ
831 3520 889 3570 VM
