2408 3856
26 220 28 222 ·
109 245 111 247 .
129 202 168 267 68
433 204 576 254 IULIANI
596 201 843 254 IMPERATORIS

129 333 181 400 ἐπὶ
222 334 284 400 τοό
326 337 456 418 τείχους
498 339 617 417 ίσχυον
658 326 808 416 ἀντέχειν
849 329 1148 418 παραταττόμενοι·

129 440 183 506 σοὶ
212 437 249 506 δὲ
277 443 412 527 μυρίαις
440 436 558 523 μάχαις
582 437 778 524 ξυμμίξαντι
806 437 860 504 καὶ
879 441 1049 523 πολεμίοις
1068 443 1149 504 πολ-

129 552 200 624 λοῖς
237 543 298 630 μέν
336 543 534 635 βαρβάροις,
568 538 630 610 οὐκ
663 542 812 610 ε’λάττοσι
847 541 906 643 δὲ,
916 541 1047 610 τούτων
1079 557 1149 622 τοῖς

131 659 270 718 οίκοθεν
298 647 467 736 ἀφεστωσι
495 650 551 717 καὶ
580 651 856 736 συνεπιθεμένοις
883 635 1014 740 τρίτην
1042 645 1150 737 ἀρχὴν

129 762 392 846 σφετερίσασθαι
419 749 631 846 προελομένῳ
651 751 801 843 ἀρραγὴς
830 759 960 842 ἔμεινεν
977 750 998 841 ἡ
1018 754 1174 842 φάλαγξε

77 880 111 928 54
130 864 185 932 καὶ
219 858 522 949 ἀδιάλυτος,»οόδ’
555 863 607 931 ἐπὶ
641 858 783 950 σμικρὸν
811 863 966 929 ἐνδοῦσα.
1012 863 1069 928 καὶ
1098 858 1149 929 ότι
1196 856 1198 858 ’

130 968 173 1058 μὴ
207 972 307 1057 λῆρος
339 973 442 1037 ταῦτα
480 968 564 1057 μηδὲ
601 974 820 1057 προσποίησις
856 966 967 1054 λόγων
1004 970 1063 1054 τῆς
1096 969 1148 1036 ἐπὶ

129 1079 197 1144 των
230 1081 339 1164 έργων
372 1073 533 1162 ἀληθείας
559 1081 734 1163 κρείττων,
768 1075 872 1141 ἐθέλω
899 1089 969 1154 τοῖς
1000 1077 1147 1162 παροῦσι
1199 1143 1202 1164 ÷

131 1185 323 1262 διεξελθεῖν.
374 1189 507 1266 γελοῖον
545 1179 608 1269 γάρ
647 1177 738 1266 οἶμαι
775 1178 859 1269 πρὸς
897 1179 933 1247 σὲ
969 1181 1044 1268 περὶ
1081 1183 1149 1248 των

131 1291 201 1356 σῶν
220 1293 328 1375 ἔργων
347 1292 552 1372 διηγεῖσθαι·
581 1288 636 1354 καὶ
655 1283 779 1354 ταύτὸν
797 1281 840 1353 ἀν
858 1286 1001 1374 πάθοιμι
1029 1285 1148 1376 φαύλῳ
1163 1313 1201 1374 ¹⁰..

130 1395 186 1461 καὶ
224 1389 363 1483 άκόμψςο
406 1395 511 1481 θεατῇ
553 1395 621 1460 τῶν
664 1398 803 1460 Φειδίου
845 1392 1149 1481 δημιουργημάτων

131 1497 214 1588 πρὸς
242 1495 347 1567 αὐτὸν
381 1503 521 1567 Φειδίαν
550 1501 773 1589 ἐπιχειροῦντι
805 1499 960 1579 διεξιέναι
989 1500 1064 1587 περὶ
1092 1502 1150 1586 της

59 1689 62 1697 Α
132 1608 169 1674 έν
197 1602 376 1695 ἀκροπόλει
403 1607 578 1695 παρθένου
607 1607 662 1673 καὶ
690 1608 751 1673 τοῦ
778 1603 867 1693 παρὰ
886 1620 965 1685 ’τοῖς
993 1612 1150 1686 Πισαίοις
1196 1616 1198 1619 ’

132 1712 225 1792 Διός.
262 1718 293 1779 εί
320 1711 358 1779 δὲ
386 1715 418 1793 ές
446 1710 525 1792 τοὺς
544 1709 665 1792 άλλους
694 1713 866 1799 ἕκφέροιμι
893 1710 934 1779 τά
964 1711 1149 1798 σεμνότατα

91 1821 200 1885 Βτῶν
229 1824 346 1907 ἔργων,
376 1828 456 1899 ἴσως
483 1814 526 1885 ἀν
554 1814 763 1905 ἀποφόγοιμτ
790 1815 853 1905 τὴν
880 1813 1065 1906 ἁμαρτάδα,
1093 1819 1149 1885 καὶ
1164 1839 1188 1880 15

104 2018 106 2022 7
133 1921 195 1994 οὐκ
228 1930 343 2013 ε”σομαι
376 1941 447 2006 ταῖς
480 1929 653 2012 διαβολαῖς
686 1930 813 2011 ένοχος·
852 1919 935 1992 ὥστε
967 1921 1032 2011 ἤδη
1064 1933 1162 2011 θαρ»

133 2035 259 2121 ροῦντα
288 2031 348 2121 χρὴ
378 2036 494 2117 λέγειν.
541 2038 601 2099 καί
626 2058 681 2119 μοι
710 2031 753 2118 μή
781 2056 830 2110 τις
863 2029 1052 2118 δυσχεράνη
1079 2056 1149 2098 πει-

132 2141 269 2229 ρωμένῳ
298 2138 449 2228 πράξεων
477 2135 642 2207 ἅπτεσθαι
674 2137 850 2224 μειζόνων,
883 2142 914 2204 εί
939 2137 995 2205 καὶ
1022 2135 1060 2205 τὸ
1088 2139 1150 2205 τοῦ

132 2244 236 2328 λόγου
265 2245 443 2312 συνεκθέοι
471 2246 590 2329 μῆκος,
618 2244 674 2310 καὶ
702 2245 806 2310 ταῦτα
833 2243 994 2323 θέλοντος
1023 2244 1150 2328 ἐπέχειν

132 2350 187 2417 καὶ
216 2350 431 2435 βιαζομένου,
460 2345 550 2428 ὅπως
577 2346 621 2435 μὴ
654 2351 700 2440 τῷ
728 2351 864 2437 μεγέθει
896 2352 964 2417 τῶν
992 2355 1103 2438 ἔργων
1130 2344 1189 2435 ἡν

132 2457 200 2522 των
227 2454 338 2539 λόγων
371 2449 529 2522 ἀσθένεια
557 2456 772 2543 περιχεομένη
802 2455 1059 2543 διαλυμήνηται’
1093 2477 1150 2523 κα-

132 2561 242 2649 θάπερ
272 2558 313 2647 δὴ
346 2558 407 2628 τὸν
439 2560 566 2649 χρυσόν
594 2582 678 2648 φασι
711 2564 772 2630 τοῦ
801 2564 986 2630 Θεσπιάσιν
1005 2559 1153 2650 Ἔρωτος

95 2677 204 2745 Οτοῖς
231 2682 363 2755 πτεροῖς
391 2669 614 2754 ἐπιβληθέντα
640 2666 703 2756 τὴν
731 2665 904 2757 ἀκρίβειαν
933 2665 1072 2755 ἀφελεῖν
1094 2670 1153 2755 της

120 2774 258 2868 τέχνης.
296 2779 400 2841 δεῖται
427 2771 492 2862 γάρ
521 2771 658 2862 ἀληθῶς
685 2777 743 2861 τῆς
763 2769 940 2863 Ὁμηρικῆς
969 2773 1153 2860 σάλπιγγος

133 2876 173 2947 τά
201 2879 459 2969 κατορθώματα,
487 2881 543 2948 καὶ
571 2877 658 2949 πολδ
685 2881 788 2948 πλέον
820 2875 841 2968 ἢ
874 2878 914 2947 τά
947 2883 1007 2948 τοῦ
1036 2888 1150 2948 Μακε-
1165 2899 1189 2939 25

135 2978 236 3067 δόνος
273 2992 361 3077 ἔργα.
412 2991 516 3074 δῆλον
554 2986 591 3054 δὲ
628 2991 719 3054 ἔσται
755 2987 938 3076 χρωμένοις
979 2981 1060 3074 ἡμῖν
1107 2988 1153 3077 τῷ

135 3094 245 3184 τρόπῳ
287 3096 355 3161 τῶν
392 3093 517 3178 λόγων,
560 3090 662 3180 ὅνπερ
700 3093 732 3173 ἐξ
774 3089 877 3182 ἀρχῆς
922 3089 1152 3180 προυθέμεθα.

205 3302 216 3348 1
237 3297 324 3364 ἴσχων
343 3302 367 3351 V
431 3302 446 3348 9
464 3293 537 3364 πρὸς
555 3294 585 3350 σὲ
605 3295 675 3364 VM]
695 3289 768 3363 πρός
785 3312 816 3349 σε
880 3302 911 3349 13
929 3296 1077 3356 πισσαιόις
1094 3297 1152 3347 VM

138 3365 168 3416 14
191 3358 341 3432 ἐκφέροιμι
366 3383 417 3418 om.
435 3366 460 3417 V
531 3368 562 3417 17
586 3364 750 3432 δνσχεοοίνη
769 3362 807 3430 V]
833 3364 1008 3432 δυσχεραίνῃ
1031 3364 1154 3430 (δυσχε-

136 3431 231 3517 ραίνοι
250 3434 288 3495 Μ)
360 3437 391 3513 λθ
414 3429 571 3511 συνηκδέοι
589 3432 629 3498 V]
654 3427 809 3512 συηεκθὲει
838 3435 842 3497 Ι
867 3426 984 3501 ἐπέχειν
999 3430 1074 3513 VM]
1088 3427 1153 3484 -έπι-

131 3512 217 3614 σίέέῖ
237 3498 433 3634 ramex}
451 3500 488 3567 δ”
503 3498 827 3638 ίέιεδέῖἕλξῖίζῖέιρ
847 3499 1015 3633 αἶῖ.”ἕί]υλ
1035 3497 1150 3634 ἒῗάέέ
