2422 3862
435 143 638 196 ουτοτοοοο
657 148 681 197 ο.
699 147 723 195 ο.
920 210 922 213 .
1020 142 1082 208 487

67 282 173 367 κλοπῇ
207 281 247 367 τῇ
279 279 377 368 τέχνχ
408 293 562 348 κινεῖται·
599 276 618 347 ὃ
648 277 689 366 δὴ
717 280 772 346 καὶ
801 276 901 360 αῦτος
927 277 1024 366 ἡμίν,
1056 272 1083 346 ὦ

68 396 212 470 γενναῖε,
235 400 350 463 ποιεῖς.
383 384 493 474 ὥσπερ
516 383 580 474 γάρ
604 386 641 453 ἐν
655 383 781 472 Ἑρμοῦ
798 391 917 472 λογίου
936 388 1084 464 σταδίοις

68 488 114 558 δι’
140 489 223 560 ὅλον
254 490 413 571 πολλάκις
438 494 500 558 τοῦ
528 490 659 579 δρόμου
687 492 916 578 στεφανωθεὶς
940 489 1006 578 ἤδη
1035 487 1081 558 δι’

56 589 116 666 ὧν
140 599 178 664 ἐν
201 594 329 683 ὀλίγοις
350 595 490 685 γράφεις
507 600 566 685 τῆς
584 594 702 685 ἀρετῆς
719 596 757 666 τὸ
775 595 882 684 άκρον
901 598 1083 685 ἕμφαίνεις,

40 705 122 772 ὁκαὶ
145 707 191 795 τῷ
215 702 288 772 ῦντι
310 701 371 772 τὸν
391 701 549 772 Ὀδυσσέα
571 702 632 773 τὸν
650 702 796 793 Ὁμήρου
819 710 944 792 ζηλοῖς,
968 701 1006 784 ὃς
1027 706 1083 773 καὶ
1102 717 1126 771 D

67 809 175 898 μόνον
202 808 424 889 είπδνῦστις
450 802 494 896 ἦν
520 808 614 897 ἤρκει
642 794 721 889 τοῦς
746 815 895 890 Φαίακας
918 811 1083 897 ἐκπλῆξαι.

66 921 98 984 εί
125 918 164 985 δέ
188 942 221 984 τι
247 916 303 984 καὶ
326 913 404 1005 παρ’
429 914 526 1003 ἡμῶν
546 919 609 983 τοῦ
631 915 714 984 κατὰ
733 917 770 985 σὲ
793 920 931 1004 φιλικοῦ
952 922 1084 988 καπνοῦ

67 1023 150 1109 δέει,
182 1020 317 1110 φθόνος
339 1019 460 1102 οὐδείς.
505 1020 638 1102 πάντως
658 1046 726 1091 που
748 1024 803 1091 καὶ
826 1020 918 1110 παρῦιΥ
938 1026 1007 1091 τῶν
1029 1021 1082 1110 ἡτ-
1097 1057 1123 1095 ιο

65 1127 177 1197 τόνων
209 1126 300 1197 εἷναί
323 1155 355 1197 τι
385 1127 532 1216 χρηστὸν
564 1127 582 1196 ὁ
613 1133 677 1216 μῦς
707 1122 780 1197 τὸν
795 1130 915 1197 λέοντα
943 1130 1009 1219 (ἐν)
1037 1134 1082 1221 τῷ

26 1256 53 1296 10
66 1233 167 1324 μύθῳ
190 1233 301 1315 σοι’σας
322 1230 516 1322 ἀρκοῦντως
538 1239 720 1303 δείκνυσιν.

239 1446 284 1515 δ’.
318 1443 497 1538 Ἐκδικίμ
522 1446 675 1538 ἐπάρχῳ
698 1448 930 1535 Αἰγύπτου

154 1587 262 1656 Ἀλλοι
294 1587 356 1676 μὲν
388 1593 515 1675 ἵππων,
551 1586 647 1656 ἄλλοι
677 1589 714 1656 δὲ
742 1588 887 1676 ὀρνέων,
907 1589 1015 1658 Ιι’ίιλλοι
1044 1588 1082 1658 δὲ

66 1692 208 1784 (ἄλλων)
231 1699 366 1782 θηρίων
390 1696 524 1782 ἐροῦσιν·
557 1695 631 1781 ἐμοὶ
648 1694 692 1761 δὲ
714 1699 857 1780 βιβλίων
878 1694 1030 1794 κτήσεως
1046 1696 1136 1763 ἐκ378

64 1804 247 1888 παιδαρίου
284 1798 397 1879 δεινὸς
433 1801 582 1887 ἐντέτηκε
611 1797 728 1879 πόθος.
780 1797 906 1868 ἄτοπον
938 1793 1015 1886 οῦν,
1052 1806 1083 1868 εί

24 1926 51 1967 1⁵
64 1911 169 1993 ταῦτα
189 1910 373 1994 περιίδοιμι
395 1907 697 1993 σφετερισαμένους
715 1903 927 1994 ἀνθρώπους,
951 1901 1002 1986 οἷς
1020 1905 1082 1974 οὐκ

64 2121 127 2187 τοῦ
149 2121 310 2204 πλοῦτον,
343 2117 427 2208 πρὸς
450 2117 487 2186 δὲ
510 2118 565 2185 καὶ
587 2121 691 2186 ταῦτα
713 2116 934 2208 ὑφαιρεῖσθαι
957 2121 1082 2210 ῥᾳδίως

64 2226 339 2313 διανοουμένους.
384 2223 510 2311 ταύτην
543 2217 607 2292 οῦν
639 2224 811 2311 ἰδιωτικήν
843 2251 900 2310 μοι
933 2224 993 2306 δὸς
1018 2225 1081 2314 τὴν

63 2332 179 2422 χάριν,
216 2328 306 2410 ὅπως
341 2329 512 2419 άνευρεθῇ
544 2330 653 2398 πάντα
684 2329 725 2399 τά
757 2334 928 2420 Γεωρχίον
958 2336 1081 2418 βιβλία.

134 2538 239 2627 Ιίχμ..
259 2544 285 2597 V
336 2547 466 2604 2ποιεῖς
484 2543 564 2611 Rek]
589 2538 697 2604 ἐποίεις
749 2548 844 2597 bete
871 2535 903 2608 ὃς
921 2543 972 2600 καὶ
990 2540 1081 2614 μόνον

64 2605 154 2668 εἰπάν
174 2628 254 2672 οστις
271 2601 308 2679 ἦν
333 2613 359 2662 V
381 2629 467 2679 marg.
487 2611 553 2664 Gen.
576 2611 686 2681 spanh.]
718 2604 796 2673 ὅστις
813 2613 864 2666 καὶ
882 2608 973 2682 μόνον
992 2609 1081 2669 εἰπών

64 2684 80 2732 7
99 2676 133 2733 δὲ
151 2677 249 2748 H1·ch.]
270 2674 307 2744 δὴ
324 2677 328 2745 Ι
344 2675 418 2731 κατά
438 2675 469 2730 οδ
487 2679 522 2747 V]
541 2673 616 2733 κατά
634 2696 664 2733 σε
680 2683 684 2746 Ι
699 2681 813 2733 καπνοῦ
832 2683 894 2733 αδδ.
915 2683 1012 2749 spanh.
1033 2683 1080 2734 eV

64 2755 93 2800 et
110 2749 174 2803 Bar.
192 2748 272 2815 (mrg.
292 2746 373 2811 Gen.)
414 2742 510 2799 8δέει
528 2748 553 2798 V
571 2764 638 2814 mrg.
658 2750 728 2800 Gen.
748 2746 857 2816 spanh]
877 2745 932 2818 δίῃ
966 2753 1030 2801 θοι
1049 2753 1081 2800 10

64 2808 95 2868 ἕν
114 2815 153 2884 τῷ
170 2807 260 2883 μῦδῳ
280 2816 307 2866 Η
326 2814 392 2880 (vid.
411 2814 505 2865 Babrii
521 2813 579 2871 fab.
599 2819 646 2869 107
666 2816 799 2880 δουναι),
818 2817 857 2884 τῷ
875 2813 974 2885 μισθῷ
993 2834 1019 2880 v,
1038 2819 1081 2868 do·

62 2884 129 2934 levit
146 2884 231 2936 Hrch.
266 2886 298 2934 10
311 2881 460 2934 δείκνυσιν
470 2879 506 2946 V]
522 2881 654 2936 δείκνυσι
690 2875 891 2944 11Ἰουλιανδς
909 2880 947 2935 τῦ
966 2876 1081 2939 αὐτῶν

63 2951 206 3029 (μοοαίλατ
220 2951 291 3002 enim
308 2951 338 3000 in
357 2949 452 3001 οοδίοο
471 2953 590 3013 sextam)
648 2953 679 3002 12
698 2942 782 3002 ἄλλοι
799 2943 865 3016 μὲν]
881 2987 981 3009 ......
996 2987 1020 3007 .,
1038 2952 1078 3019 Vl

64 3020 149 3070 αλλοι
173 3013 207 3071 δὲ
226 3008 321 3070 ἄλλον
338 3016 452 3083 θηρίων
475 3017 637 3070 Doehnerus
657 3018 730 3099 ομιιδ
746 3017 918 3083 Horkelium]
944 3007 1027 3072 ἄλλοι
1046 3015 1079 3071 δὲ

27 3135 32 3142 ,
62 3084 177 3151 θηρίων
195 3087 235 3151 V,
254 3074 337 3137 ἄλλοι
354 3083 503 3163 θηρίων]
572 3089 604 3138 13
622 3082 911 3154 κτησεως]..,.,.]’
964 3088 996 3138 15
1013 3103 1080 3170 πρρι

64 3150 1080 3290 1··0{‚25;2{0a2¹⁶v²33{f⁰3efi.⁰325.1Vffissff‘jffi·&QJAEVHVVTV

62 3291 95 3340 18
114 3282 345 3355 διανοουμένους
361 3285 396 3355 V]
414 3281 702 3356 ῦποδιανοουμένους
717 3288 722 3352 Ι
738 3280 891 3354 ἰδιωτικήν
908 3306 958 3355 μοι
976 3291 1078 3354 erg.

62 3355 131 3408 Gen.
146 3354 257 3423 τροπὴ]
275 3371 326 3421 μοι
344 3348 497 3422 ἰδιωτικὴν
512 3360 517 3416 Ι
533 3352 586 3422 τὴν
605 3357 666 3408 add.
684 3356 779 3423 spanh.
798 3356 851 3407 eV
899 3359 931 3408 19
949 3343 1027 3409 ὅπου
1044 3360 1078 3421 V,

61 3413 136 3477 ῦπου
154 3417 192 3478 δν
209 3437 277 3488 mrg.
296 3423 366 3477 Gen.
398 3421 403 3484 1
435 3416 584 3493 άνευρεθῇ
603 3424 700 3485 Hrch,]
720 3411 758 3474 δν
776 3413 914 3491 εῦρεθείη
932 3442 963 3490 v,
991 3419 1079 3477 ἄνευ·

62 3491 166 3558 ρεδείη
184 3492 251 3543 Rsk.
286 3490 349 3541 Vid.
368 3491 403 3540 ad
421 3493 470 3542 231
482 3490 516 3541 D.
