2446 3870
474 147 611 199 οπευιο
630 148 665 197 11.

824 148 961 296 ῢνιν

55 280 261 364 μετατνθείς,
295 273 500 361 σωφροσύνη
534 272 571 341 δὲ
602 268 790 361 ύπερβαλλο
832 302 872 343 νο
927 253 1070 363 vdie
1020 305 1076 346 το
1162 280 1166 340 f

1151 227 1162 271 Νι

56 383 194 469 μέτριον
222 380 430 459 ἐπιτιθέντας
457 393 529 459 ταῖς
555 385 742 468 τιμωρίαις,
771 376 813 449 ἀν
911 369 1079 473 [mik
1087 374 1156 476 ss*

941 458 982 469 κ.

57 489 175 576 φέρων
202 487 248 576 τῶ
276 487 405 573 μηδένα
423 487 581 572 πολέμιον
605 482 786 575 ἀξιόχρεων
814 482 1064 575 ὑπολαμ
970 514 1075 574 ανειν,
1096 507 1120 560 D

58 592 230 682 φρόνησιν
263 590 301 659 δὲ
342 590 612 678 ἐπιδεικνύμενος
648 594 693 682 τῶ
736 592 979 678 συγκαταλύειν
1019 592 1077 676 τάς

29 707 185 788 εέχθρας
222 698 278 765 καὶ
311 694 353 765 ού
389 699 617 786 παραπέμπειν
649 659 697 779 είς
732 696 811 779 τοὺς
842 704 965 780 παῖδας
996 696 1076 768 οὐδὲ

57 811 106 885 είς
135 803 299 890 ἐγγόνους
330 802 496 891 προφάσει
523 806 581 890 τῆς
613 800 774 892 ἀκριβοῦς
806 809 901 892 δίκης
932 807 987 873 καὶ
1015 809 1077 873 τοῦ

57 910 249 998 βούλεσθαί
287 934 348 997 περ
389 910 539 989 ἐπιεικῶς
579 908 666 996 μύλα
711 916 828 990 πίτυος
869 915 969 998 δίκην
1008 915 1077 979 τῶν

57 1018 220 1106 πονηρῶν
257 1012 432 1102 ἀφανίζειν
463 1012 504 1083 τά
537 1016 715 1102 σπέρματα.
765 1017 902 1084 ἐκείνων
934 1015 999 1106 γὰρ
1033 1016 1074 1105 δὴ

56 1123 115 1190 καὶ
143 1119 182 1190 τὸ
210 1127 310 1210 ἔργον
337 1121 424 1207 τόδε,
452 1122 508 1189 καὶ
527 1118 573 1189 ἐπ’
603 1117 694 1212 αύτῷ
716 1120 779 1208 τὴν
798 1122 910 1190 εἰκόνα
937 1121 1077 1204 παλαιὸς

16 1263 42 1302 ιο
58 1226 214 1315 ἀπέφηνε
245 1227 355 1313 λόγος.
401 1222 419 1295 ὁ
453 1226 490 1295 δὲ
523 1223 653 1312 ἀγαθὸς
685 1226 841 1314 βασιλεὺς
873 1227 1076 1316 μιμούμενος

58 1332 206 1421 ἀτεχνῶς
241 1332 302 1402 τὸν
338 1331 423 1402 θεὸν
460 1330 531 1402 οἶδε
562 1332 624 1420 μὲν
665 1335 720 1401 κοιλ
758 1337 793 1403 ἐκ
832 1337 901 1403 τῶν
942 1338 1127 1423 πετρῶνιοι

58 1437 184 1528 ἑσμούς
210 1442 369 1527 μελιττῶν
397 1440 632 1526 έξιπταμένους
658 1442 713 1508 καὶ
733 1442 768 1508 ἐκ
792 1443 853 1510 τοῦ
872 1442 1076 1531 δριμυτάτου

58 1545 165 1626 ξύλον
192 1542 253 1615 τὸν
281 1544 410 1630 γλυκὺν
437 1542 567 1635 καρπόν
595 1546 780 1633 φυόμενον,
809 1547 894 1615 σι’κά
922 1575 1008 1635 φημι
1036 1546 1075 1615 τά

59 1657 232 1741 χαρίεντα,
264 1652 320 1719 καὶ
353 1654 386 1733 ἐξ
417 1648 580 1720 ἀκανθῶν
610 1649 673 1739 τὴν
706 1657 806 1741 σίδην
839 1653 893 1720 καὶ
926 1650 1010 1722 ἀλλα
1044 1655 1077 1734 ἐξ

20 1791 46 1831 15
59 1756 173 1826 ἀλλων
210 1757 363 1845 φυόμενα
400 1754 543 1844 ἀνόμοιοι
584 1772 653 1838 τοῖς
688 1761 832 1844 γεννῶσι
869 1760 924 1827 καὶ
963 1757 1077 1841 ἀποτί-

58 1884 208 1932 κτουσιν.
255 1861 382 1933 ούκουν
402 1873 505 1932 οίεται
523 1866 627 1931 ταῦτα
655 1867 773 1953 χρῆναι
793 1861 857 1954 πρὸ
885 1867 943 1952 τῆς
971 1862 1077 1952 ἀκμῆς

60 1975 291 2059 διαφθείρειν,
329 1967 412 2038 ἀλλά
448 1972 637 2059 περιμένειν
669 1968 729 2037 τὸν
762 1968 887 2057 χρόνον
919 1972 975 2037 καὶ
1008 1973 1076 2036 ἐπι-

59 2078 193 2165 τρέπειν
221 2072 336 2156 αύτοῖς
363 2072 594 2162 ἀπωσαμένοις
612 2078 681 2143 τῶν
702 2077 860 2163 πατέρων
877 2071 939 2161 την
957 2072 1077 2143 ἀνοιαν

58 2183 115 2252 καὶ
143 2179 206 2268 τὴν
233 2188 364 2270 μωρίαν
391 2178 533 2268 ἀγαθοῖς
561 2182 722 2268 γενέσθαι
750 2181 805 2248 καὶ
833 2180 995 2271 σῶφροσι,
1025 2188 1117 2268 §iz-B

1 2321 50 2366 τεο,
61 2286 168 2368 λωτάς
201 2287 238 2355 δέ
270 2289 472 2375 γενομένους
503 2290 571 2355 τῶν
607 2286 771 2378 πατρῴων
808 2287 1078 2375 ἐπιτηδευμάτων

1 2456 3 2461 .
59 2390 198 2480 ὑφέξειν
227 2396 264 2460 ἐν
290 2396 394 2486 καιρῷ
426 2391 489 2480 την
517 2398 630 2481 δίκην,
663 2390 726 2461 ούκ
753 2390 940 2484 ἀλλοτρίοις
968 2400 1077 2484 ἔργοις

59 2501 114 2568 καὶ
144 2502 333 2587 ξυμφοραῖς
359 2501 672 2587 παραναλωθέυτας.

1 2691 2 2694 ¹
134 2597 204 2694 'Ap’
236 2595 299 2672 ούν
326 2600 407 2692 ὑμῖν
426 2608 547 2686 ἱκανῶς
566 2608 734 2692 δοκοῦμεν
761 2607 996 2674 έκτετελεκέυαι
1016 2603 1076 2674 τόν

61 2708 229 2798 ἀληθινὸν
257 2716 410 2794 ἔπαινου;
438 2706 459 2798 ἢ
487 2720 623 2779 ποθεῖτε
650 2708 786 2779 ἀκούειν
809 2707 903 2798 ὑμεῖς
930 2714 985 2780 καὶ
1013 2711 1076 2798 την

0 2850 1 2853 ’
28 2822 239 2906 ιικαρτερίαν
266 2817 321 2884 καὶ
349 2814 412 2904 τὴν
439 2816 635 2904 σεμνότητα,
663 2818 718 2885 καὶ
746 2812 792 2898 ῶς
810 2814 851 2886 ού
871 2817 978 2905 μόνον
1006 2819 1074 2884 ἐστὶ

1 2911 2 2918 ¹
61 2926 127 2991 τῶν
154 2928 323 3010 πολεμίων
341 2919 510 3010 ἀήττητος,
538 2919 610 2991 ἀλλ’
641 2920 717 2991 οὔτε
741 2925 879 3011 αἰσχρᾶς
898 2926 1116 3008 έπιθυμίαςῡ

129 3114 142 3160 l
168 3105 214 3175 ii]
235 3104 308 3160 viv
376 3110 484 3172 4Ροεῖ
506 3103 717 3189 συγκαταλύειν
739 3107 874 3160 excidisse
897 3108 1006 3158 videtur
1029 3115 1077 3157 aut

61 3177 94 3246 τῇ
112 3176 236 3243 τιμωρίᾳ
254 3181 302 3227 aut
319 3176 406 3226 simile
426 3177 567 3242 quidpiam
635 3180 650 3228 ⁷
673 3168 745 3243 ὅπερ
763 3170 896 3235 ἐπιεικῶς
913 3167 991 3240 μάλα
1009 3190 1078 3238 προ-

62 3246 247 3324 φωτίζονται,
271 3259 372 3302 πιτυος
390 3241 475 3310 δίκην
492 3244 561 3296 Rsk.
597 3245 691 3294 Malim
710 3262 764 3309 περ
782 3245 888 3307 delere,
913 3250 1001 3292 ortum
1022 3243 1076 3293 for·

62 3320 133 3364 tasse
155 3329 189 3362 ex
209 3303 316 3376 ῶσπερ,
340 3312 412 3375 quod
435 3313 537 3377 aliquis
557 3313 592 3361 ad
616 3310 701 3379 δίκην
725 3311 917 3429 explicandum
939 3309 1078 3360 addidisse

10 3410 11 3413 =
62 3380 178 3460 videtur,
197 3385 230 3430 ut
247 3379 332 3457 4qssc
402 3379 540 3431 8κείνων
558 3380 615 3429 VM
686 3381 717 3429 12
725 3369 884 3454 §apomidi
887 3371 975 3456 σμούς
1048 3380 1083 3427 16

9 3445 11 3503 ζ
63 3440 169 3499 ούκουν
189 3449 227 3510 V,
246 3438 356 3498 ούκουν
374 3447 434 3498 sine
454 3451 573 3497 accentu
589 3447 630 3509 M,
649 3442 758 3498 ου’κουν
775 3462 793 3495 v
826 3445 830 3508 Ι
863 3445 954 3497 ταῦτα
973 3461 1075 3512 χρηνα·

8 3543 9 3546 =
20 3512 96 3581 V]
117 3531 224 3581 γρηναι
243 3530 335 3565 ταυτα
403 3517 435 3563 ‘22
456 3513 618 3580 ξυμφοραῖς
636 3512 705 3580 VM]
726 3518 891 3583 σνμφοραις

3 3624 5 3630 ⁴
113 3616 221 3656 Iulianus
237 3616 255 3655 1
856 3609 875 3660 ‘d
