2446 3870
149 147 192 211 94
450 146 592 199 Ῑυιιεαι
615 146 859 200 ιαεειιευοιαε

110 272 266 356 Οόπλοις
297 277 353 344 καὶ
384 288 501 366 κρατεῖ
530 276 732 365 ξυμβουλίηι,
765 265 807 344 οῦ
840 273 877 343 δέ
908 273 1016 361 μόνον
1049 275 1166 363 ἐδέησε

148 381 296 470 γνώμης,
328 382 432 470 ταύτη
463 383 611 472 κυβερνᾷ
637 381 694 449 καὶ
725 381 955 471 κατεργάζεται
985 381 1165 471 πράγματα

147 490 307 573 τοσαῦτα,
336 484 443 557 ὁπόσα
471 484 551 556 οῦδὲ
579 482 597 556 ὁ
626 492 764 578 σίδηρος
791 489 913 568 ἐξελεῖν
942 487 1079 574 ἰσχύσει.

225 588 310 662 Ἀλλ’
341 591 453 680 ἐπειδη
481 589 565 662 καθ’
594 589 737 661 αῦτδνό
761 593 861 679 λόγος
888 592 1073 682 φερόμενος
1089 589 1163 681 η’κει

147 700 250 769 πάλαι
281 702 401 769 ποθοῦν
431 697 494 788 την
521 699 655 782 ξύνεσιν
687 701 836 768 ἐπαινεῖν
868 700 924 768 καὶ
951 698 1014 788 την
1041 695 1194 786 εῦβου-ε

147 813 239 894 λίαν,
275 802 470 876 άποδοτέον.
519 808 575 875 καὶ
612 801 696 892 ῦπέρ
731 804 862 874 τούτων
898 802 994 891 ὀλίγα
1032 801 1164 874 ἅπαντα

148 912 405 1001 διεληλύθαμεν·
434 909 542 982 ὁπόσα
566 911 603 980 δὲ
629 908 712 1000 ἡμῖν
734 914 889 999 ἐφαίνετο
917 910 1000 1002 πρὸς
1026 909 1067 980 τὰ
1094 914 1164 980 τῶν

102 1037 128 1091 D
147 1014 268 1110 ἡρώων
309 1022 446 1088 ἐκείνων
488 1024 575 1107 ἔχειν
618 1019 823 1105 ξυγγένειαν,
864 1017 991 1105 μεγάλα
1032 1031 1163 1108 μικροῖς

142 1124 343 1212 εἰκάζοντες,
373 1122 417 1195 δι’
449 1121 629 1216 ὁμοιότητα
657 1127 835 1212 δηλοῦμεν.
881 1125 985 1211 δῆλον
1013 1123 1051 1193 δὲ
1079 1121 1162 1192 ιἰπο-

146 1234 306 1319 βλέψαντι
338 1229 421 1317 πρὸς
451 1228 489 1298 τὸ
517 1233 575 1319 τῆς
606 1233 819 1320 παρασκευῆς
850 1231 992 1318 μέγεθος
1019 1231 1076 1299 καὶ
1103 1232 1162 1319 τῆς
1177 1259 1208 1305 ιο

147 1336 343 1424 δυνάμενος
374 1334 436 1424 τὴν
472 1341 681 1425 περιουσίαν.
726 1336 799 1405 τότε
832 1334 897 1422 γὰρ
929 1333 952 1423 η’
983 1361 1018 1404 τε
1046 1331 1163 1416 Ἑλλάς

147 1444 315 1529 ἐκεκίνητο
349 1442 502 1530 ξύμπασα
529 1443 585 1511 καί
615 1445 758 1533 Θρᾳκῶν
790 1457 891 1531 μοῖρα
917 1443 974 1511 καὶ
1001 1441 1164 1511 Παιόνων

146 1548 184 1617 τό
211 1575 246 1617 τε
272 1550 333 1616 τοῦ
360 1548 517 1638 Πριάμου
546 1547 677 1636 ξύμπαν
704 1544 868 1635 ὑπήκοον,

218 1669 344 1741 ’Ὁσσον
371 1674 502 1761 Λέσβος
529 1678 594 1741 έσω
623 1672 786 1762 Μάκαρος
812 1673 889 1753 ἕδος
916 1669 1010 1752 ἐντὸς
1037 1673 1145 1761 έέργει

225 1780 292 1847 Καὶ
313 1785 444 1869 Φρυγίη
462 1779 660 1868 καθύπερθε
677 1780 733 1847 καὶ
744 1775 985 1866 Ἑλλήσποντος
1003 1774 1161 1867 ἀπείρων.
1177 1803 1206 1846 ιτ

93 1924 127 1974 74
145 1900 186 1970 τὰ
213 1902 251 1972 δέ
269 1906 335 1972 νῦν
354 1908 439 1991 ἔθνη
467 1903 629 1972 συνιόντα
652 1910 785 1991 βασιλεῖ
808 1903 864 1972 καί
884 1904 1163 1990 συμπολεμοῦντα

143 2007 205 2078 τόν
241 2009 388 2098 πόλεμον
419 2011 476 2079 καὶ
508 2009 588 2091 τοῦς
625 2007 905 2098 ἀντιταξαμένους
939 2018 1163 2098 καταριθμεῖν

144 2114 188 2204 μη
216 2119 316 2207 ληρος
343 2107 365 2206 ᾖ
391 2118 447 2184 καὶ
480 2122 629 2206 φλυαρία
660 2113 794 2206 περιττὴ
821 2117 878 2183 καὶ
910 2120 987 2183 λίαν
1014 2111 1161 2204 ἀρχαῖος.

145 2219 213 2312 ὅσῳ
243 2221 280 2290 δέ
311 2228 442 2308 μείζους
470 2225 508 2288 αί
533 2224 713 2289 συνιοῦσαι
740 2221 913 2309 δυνάμεις,
940 2219 1090 2312 τοσούτῳ
1119 2219 1160 2288 τά

144 2331 225 2415 ἔργα
251 2326 435 2415 προφέρειν
463 2325 563 2406 εἰκός·
593 2323 676 2395 όόστε
704 2324 833 2415 ἀνάγκη
860 2328 917 2395 καὶ
943 2329 1048 2395 ταῦτα
1076 2328 1159 2396 ἐκεί·
1173 2343 1200 2394 ει

143 2457 215 2500 νων
250 2427 451 2520 ῦπεραίρειν.
505 2432 627 2519 πλήθει
664 2460 702 2519 γε
737 2431 804 2521 μὴν
844 2436 912 2502 ποῦ
947 2458 1027 2501 ποτε
1064 2429 1161 2513 ῦξιον

144 2539 342 2625 συμβαλεῖν,
375 2541 411 2604 οί
440 2537 501 2625 μὲν
533 2526 597 2627 γάρ
629 2541 704 2630 περὶ
736 2542 812 2627 μιῦς
844 2538 1004 2627 ἐμάχοντο
1032 2537 1161 2620 πόλεως

144 2633 302 2730 ξυνεχῶς,
333 2645 390 2711 καὶ
422 2641 500 2712 οῦτε
533 2644 673 2736 (Τρῦες)
707 2641 867 2714 ἀπελάσαι
899 2643 978 2724 τοῦς
1007 2640 1160 2731 Ἀχαιοῦς

212 2848 385 2921 Ῑεύβουλία
403 2857 492 2918 Wytt.
521 2854 596 2906 Fort.
618 2847 825 2922 §abvfedflovlla
885 2846 1073 2920 3ὁσίδηρος
1091 2851 1159 2939 VM]
1186 2863 1188 2866 ⁴

142 2921 259 2988 σίδηρος
286 2921 290 2988 Ι
317 2905 440 2988 ἐξελεῖν]
460 2915 587 2975 ἐκτελεῖν
604 2923 632 2973 Η
659 2922 664 2986 Ι
691 2905 815 2990 ίσγῦσειῘ
837 2922 893 2972 Aut
911 2915 1004 3005 ίσηῦει
1023 2926 1073 2971 aut
1091 2915 1146 2973 οῦδ

142 2980 179 3043 ῦν
196 3024 230 3034 -
247 2981 392 3056 ίοηύσειεν
414 2989 585 3043 scribendum
654 2992 670 3040 5
693 2983 826 3042 ἐπαινεῖν
847 2986 897 3040 καί
920 3005 974 3056 την
998 2983 1159 3056 εῦβουλίαν

142 3057 177 3125 V]
195 3056 244 3110 καί
263 3055 317 3192 την
335 3051 489 3125 εὐβουλίαν
508 3051 642 3109 ἐπαινεῖν
710 3061 726 3108 6
744 3046 871 3122 ἅπαντα]
891 3058 967 3108 Fort.
985 3051 1077 3109 πάλαι
1141 3063 1157 3110 9

142 3122 289 3199 δηλοῦμεν
330 3122 494 3195 διήλθομεν
520 3130 569 3176 aut
577 3120 782 3246 βδιηγοηίμεθα
808 3124 876 3176 Rsk.
959 3127 990 3177 12
1017 3123 1106 3192 μοῖρα
1130 3127 1157 3179 V

142 3248 175 3296 13
192 3241 308 3311 ξύμπαν
326 3237 460 3324 ύπήκοοη
473 3245 506 3308 V,
526 3234 642 3307 ξύμπαν
659 3235 791 3324 ῦπήκρον
803 3243 841 3304 Μ,
860 3235 991 3311 ῦπήκοον
1012 3235 1158 3310 ξύμπανν

142 3312 273 3391 1411jad.
292 3330 321 3376 ω,
339 3315 390 3365 544
411 3310 417 3380 Ι
443 3327 513 3365 οσον
530 3311 589 3362 VM
613 3311 621 3392 l
646 3306 709 3377 ἔσω]
729 3328 789 3363 ανοι
806 3311 886 3362 Hom.
910 3311 914 3378 Ι
941 3305 1157 3392 μάκαροςηῖΜ]

141 3376 422 3514 ίάλαῗάῖδῦῖοἱό
442 3377 812 3514 ιειόῖίόῗῖόεὶρίεόεέΜ
850 3380 980 3498 ιέὸάῖἷ
996 3376 1159 3512 ἔιῗιίιῗόοῖ

137 3512 237 3576 Τρῶες
257 3515 320 3565 εδδ.
340 3516 369 3566 H
