2446 3870
148 155 209 220 170
447 159 592 212 mmm
609 104 858 210 ιύεειιιεοιιιε

145 284 263 374 μόνον,
292 281 375 354 άλλδι
402 287 459 355 καὶ
486 283 576 376 παρά
602 289 671 355 τῶν
689 283 799 355 άλλων
826 288 920 355 θεῶν
948 290 1096 375 σπείρειν
1115 291 1163 368 είς

146 393 226 479 γῆν,
255 387 309 478 ἐφ’
340 388 359 460 ό
386 419 417 460 τι
445 392 483 461 δὲ
510 395 619 482 χρῆμα
648 395 811 481 δηλοῦσιν
839 383 938 461 αύται
965 407 1035 473 τοῖς
1063 399 1163 481 βίοις,

147 493 208 578 οὓς
234 500 483 586 προαιροῦνται.
528 499 706 568 κάλλιστον
733 499 794 586 μὲν
822 490 901 585 ούν,
930 507 964 567 εί
986 526 1032 591 τφ
1061 500 1162 589 ξυνη-

145 605 250 692 νέχθη
279 606 336 672 καὶ
362 603 427 693 πρὸ
460 611 631 695 τριγονίας
658 602 722 674 άπὸ
755 607 888 674 πολλῶν
914 605 1005 674 πάνυ
1031 631 1162 695 προπα-

145 710 255 800 τόρων
283 711 401 798 ἐφεξῆς
432 714 477 804 τῷ
505 715 575 804 θεῷ
608 715 805 798 δουλεῦσαι,
836 709 986 800 μεμπτὸν
1014 711 1052 780 δὲ
1080 710 1189 782 ούδδτ

111 811 247 904 Βόστις,
275 815 470 905 ἐπεγνωκὼς
498 815 619 887 ἑαυτὸν
646 820 708 887 τοῦ
735 820 820 887 θεοῦ
839 820 939 886 τούδε
965 817 1163 907 θεράποντα

146 922 262 1010 φύσει,
289 923 392 1010 μόνος
419 926 452 1006 ἐξ
480 920 638 994 άπάντων
665 920 686 1012 ἢ
715 922 777 1005 ξύν
805 920 931 1010 ὀλίγοις
958 919 1065 993 αὑτὸν
1092 927 1163 994 ἐπι-

146 1033 267 1099 δίδωσι
292 1033 334 1120 τῇ
361 1038 526 1123 θεραπείᾳ
552 1034 614 1101 τού
642 1030 816 1100 δεσπότου.

229 1137 314 1225 Φέρε
342 1128 420 1224 οὖν,
454 1135 544 1218 ὅπως
571 1133 643 1227 (άν)
672 1131 739 1206 οἷοί
765 1163 800 1205 τε
828 1128 931 1224 ὦμεν,
958 1131 1163 1226 ὑμνήσομεν

147 1239 254 1312 αύτού
285 1240 348 1330 τὴν
380 1243 513 1331 ἑορτήν,
544 1239 588 1330 ἣν
615 1239 635 1330 ἡ
664 1242 888 1330 βασιλεύουσα
920 1243 1016 1323 πόλις
1048 1246 1162 1332 ε’πετη-
1177 1265 1203 1305 1⁰

146 1354 231 1428 σίοις
258 1343 393 1433 ἀγάλλει
419 1353 566 1428 θυσίαις.
603 1354 672 1418 ἔστι
698 1349 760 1438 μὲν
784 1341 858 1435 οὖν,
886 1340 925 1418 εὖ
952 1345 1040 1435 οἶδα,
1068 1359 1163 1436 χαλεὲ

145 1452 212 1523 πὸν
238 1455 293 1523 καὶ
320 1450 358 1522 τὸ
393 1456 542 1535 ξυνεῖναι
574 1456 648 1544 περὶ
676 1452 782 1525 αὐτοῦ
808 1455 931 1545 μόνον,
960 1451 1085 1537 ὁπόσος
1112 1463 1163 1537 τίς

93 1555 283 1629 ιεῖέστινδ
312 1557 446 1649 ἀφανὴς
465 1563 500 1629 ἐν
527 1563 590 1630 τού
606 1565 758 1651 φανεροῦ
785 1563 1005 1654 λογισαμένφ,
1033 1561 1163 1651 φράσαι

147 1666 185 1735 δὲ
212 1676 292 1748 ἴσως
319 1662 506 1755 ἀδύνατον,
534 1672 565 1737 εί
590 1670 646 1736 καὶ
673 1672 732 1756 της
759 1665 852 1750 άξίας
880 1674 1016 1737 ἔλαττον
1044 1669 1161 1757 ἐθελή-

146 1775 215 1842 σειέ
239 1771 297 1855 τἰς.
343 1776 521 1862 ἐφικέσθαι
548 1773 610 1862 μὲν
628 1772 692 1864 γάρ
710 1778 771 1843 τού
798 1771 882 1864 πρὸς
900 1772 998 1856 άξίαυ
1025 1765 1064 1842 εύ
1083 1773 1162 1843 οἶδα
1177 1793 1202 1835 1⁵

147 1875 197 1948 ότι
228 1883 297 1948 τῶν
329 1875 486 1951 ἁπάντων
519 1878 632 1963 οὐδεὶς
663 1877 707 1950 άν
739 1881 894 1967 δύναιτο,
925 1884 987 1950 τού
1023 1887 1161 1970 μετρίου

146 1985 184 2056 δὲ
211 1985 255 2075 μὴ
284 1993 477 2078 διαμαρτεῖν
505 1990 542 2058 ἐν
559 2003 630 2069 τοῖς
657 1990 806 2070 ἐπαίνοις
822 1986 861 2057 τὸ
889 1987 1073 2076 κεφάλαιόν
1092 1990 1162 2057 ἐστι

145 2096 204 2182 τῆς
232 2091 450 2184 ἀνθρωπίνης
475 2098 513 2164 ἐν
539 2099 586 2188 τῷ
614 2094 785 2165 δύνασθαι
813 2093 949 2183 φράζειν
977 2093 1161 2182 δυνάμεως.

147 2196 219 2267 ἀλλ’
254 2206 365 2287 ἔμοιγε
397 2201 520 2270 τούτου
552 2208 740 2290 παρασταίη
774 2197 954 2289 βοηθὸςό
981 2227 1016 2269 τε
1048 2199 1162 2287 λόγιος

142 2299 263 2392 Ἑρμῆς
295 2302 356 2384 ξύν
387 2320 459 2387 ταῖς
491 2305 648 2387 Μούσαις
681 2303 701 2374 ό
732 2334 766 2375 τε
795 2308 1017 2395 Μουσηγέτης
1041 2303 1162 2375 ,Ἁπόλ-
1177 2325 1202 2365 ²⁰

105 2418 227 2497 Βλων,
256 2411 326 2478 ἐπεὶ
352 2413 409 2480 καὶ
437 2408 528 2504 αύτῷ
555 2411 716 2500 προσήκει
743 2416 811 2482 τῶν
839 2412 959 2499 λόγων,
987 2413 1043 2482 καὶ
1068 2418 1163 2481 δοῖεν

147 2514 184 2585 δὲ
221 2520 326 2584 εἰπεῖν
359 2513 466 2585 ὁπόσα
498 2532 568 2599 τοῖς
599 2529 693 2599 θεοῖς
725 2525 807 2605 φίλα
844 2520 1005 2606 λέγεσθαί
1037 2545 1073 2587 τε
1104 2520 1162 2586 καὶ

146 2621 363 2692 πιστεύεσθαι
399 2625 474 2714 περὶ
512 2621 632 2693 αύτῶν.
682 2631 732 2705 τίς
764 2617 828 2694 ούν
860 2620 878 2693 δ
910 2625 1033 2713 τρόπος
1070 2630 1162 2693 ἔσται

145 2730 214 2796 τῶν
246 2730 409 2814 ἐπαίνων;
442 2727 462 2819 ἢ
491 2734 596 2819 δῆλον
627 2729 678 2801 ὅτι
709 2733 785 2820 περὶ
812 2734 871 2819 τῆς
903 2728 1022 2813 ούσίας
1053 2727 1162 2800 αύτοῦ

146 2836 202 2902 καὶ
230 2832 314 2905 ὅθεν
341 2840 496 2926 προῆλθε
517 2839 573 2907 καὶ
591 2841 660 2906 τῶν
688 2837 867 2926 δυνάμεων
890 2839 947 2906 καὶ
973 2841 1042 2906 τῶν
1071 2839 1161 2926 ἐνερ-
1176 2851 1202 2894 2⁵

146 2944 246 3026 γειύν
274 2942 480 3031 διελθόντες,
514 2940 635 3013 ὁπόσαι
667 2946 812 3034 φανεραὶ
844 2941 922 3013 ὅσαι
948 2940 978 3011 τ’
1009 2941 1161 3031 ἀφανεῖς,

146 3048 201 3116 καί
228 3050 304 3138 περὶ
330 3052 388 3137 τῆς
414 3053 483 3118 των
511 3047 652 3135 άγαθῶν
680 3051 820 3137 δόσεως,
852 3047 896 3138 ἣν
923 3047 1007 3119 κατὰ
1034 3049 1163 3130 πάντας

147 3257 202 3317 est,
226 3254 309 3320 paulo
333 3260 397 3320 post
420 3254 543 3321 σπείρων
568 3248 742 3307 έοιίδευδοιυ
827 3258 843 3306 2
867 3243 956 3308 αύται
973 3250 1052 3320 libri]
1072 3248 1162 3305 αύταλ

92 3328 98 3359 2
147 3319 349 3390 δξυυηνέγθη
367 3320 403 3388 V]
423 3318 590 3390 συνηνέχθη
678 3314 816 3393 ῖφύσει]
843 3325 982 3388 εδιτιονς.
1001 3321 1067 3374 Μῖνι
1094 3319 1162 3379 ἴσως

147 3387 239 3468 φῦναι
266 3387 271 3454 Ι
296 3385 385 3456 μόνος
402 3389 524 3456 VMbF]
543 3386 658 3458 μόνονΙ
686 3385 739 3455 ξδν
757 3389 793 3456 V]
814 3386 867 3442 σύν
935 3381 1047 3449 θόπως
1066 3378 1104 3440 διν
1121 3384 1160 3454 Η]

140 3473 253 3586 φπφςγ]
272 3459 325 3573 01⁸2
345 3456 481 3576 ξυνὲξνρριὲ
492 3456 690 3590 ξί]]σννεῖνα2ι6
748 3453 902 3578 λιθὴούθελς
919 3457 1060 3509 VMbEF
1109 3506 1110 3509 ,
1129 3457 1163 3506 20

161 3539 180 3571 ν
291 3541 327 3574 υν
556 3541 588 3577 τε
708 3542 739 3578 τε
769 3544 822 3577 ιιι
