2414 3862
450 155 631 208 τετετοοι
650 158 692 207 ω.
1017 155 1079 220 557

64 292 229 379 θεοσεβὴς
248 289 463 378 Ἀλέξανδρος
486 289 503 358 ὁ
527 289 729 374 Μακεδών,
742 287 816 358 οὔτι
838 288 884 376 μὰ
909 297 975 357 Δία
998 289 1081 356 κατά

64 425 146 467 τινα.
166 397 298 466 τούτων
326 393 375 465 οὑν
404 393 483 464 οὑδὲ
510 396 594 463 κατὰ
620 395 746 477 πάντας
763 395 940 483 Ἑβραίους
966 399 1080 486 μακρῷ

65 504 248 592 γεγονότας
278 500 390 571 αὐτῶν
421 508 621 591 κρείττονας.
667 504 805 571 ἐκείνων
836 504 898 590 μὲν
931 494 995 570 οὖν
1025 501 1081 568 καὶ

65 609 83 679 ὁ
119 614 180 679 τοῦ
208 608 327 695 Λάγου
359 616 566 696 Πτολεμαῖος
596 600 640 695 ἦν
671 605 834 695 άμείνων,
867 608 1097 693 Ἀλέξανδρος.

38 716 104 784 τδε
127 712 192 784 κάν
210 714 386 843 Ῥωμαίοις
409 719 456 794 είς
478 713 622 802 ἅμιλλαν
649 711 753 782 ίών’
735 719 850 801 αγῶνα
872 727 1015 802 παρεῖχε.
1050 719 1086 780 τί

67 815 130 891 οὑν
152 820 231 909 μετὰ
255 819 315 889 τὸν
337 826 475 906 κτίστην
498 824 534 888 οί
545 828 759 908 Πτολεμαῖοι,
781 819 844 908 τὴν
866 817 1003 889 πόλιν“
985 847 1082 906 νμων
1101 834 1125 886 D

66 926 178 1014 ὥσπερ
200 934 344 1015 γνησίαν
365 928 536 1014 θυγατέρα
553 925 898 1014 παιδοτροφησαντεςς
922 924 994 994 οὔτι
1013 933 1113 1004 τοῖς

63 1031 177 1120 Ἰησοῦ
200 1033 322 1120 λογοις
336 1031 486 1119 ηὔξησαν
509 1029 631 1120 αὑτήν,
661 1029 803 1100 οὐδὲ
764 1059 804 1122 τη
826 1037 895 1100 τῶν
914 1034 1083 1119 ἐχθίστων

67 1146 259 1209 Γαλιλαίων
291 1143 491 1228 διδασκαλίᾳ
521 1137 585 1225 τὴν
611 1144 808 1226 οἰκονομίαν
836 1136 919 1228 αὑτῇ
946 1136 1083 1223 ταύτην,

27 1272 54 1311 ιο
68 1244 129 1333 ὑφ’
160 1238 199 1333 ἧς
231 1249 297 1313 νῦν
327 1246 418 1313 ἐστιν
445 1241 630 1331 εὐδαίμων,
667 1243 909 1334 ἐξειργάσαντο.
955 1250 1083 1332 τρίτον,

68 1350 181 1439 ἐπειδὴ
200 1349 356 1438 Ῥωμαῖοι
384 1349 496 1439 κὺριοι
523 1349 713 1437 γεγόναμεν’
732 1347 850 1453 αὑτῆς,
881 1345 1083 1438 ἀφελόμενοι

67 1458 147 1537 τοὺς
179 1463 409 1544 Πτολεμαίους
440 1453 482 1524 οὑ
511 1460 620 1535 καλῶς
651 1456 829 1544 ἄρχοντας,
866 1455 884 1524 ὑ
913 1457 1084 1543 Σεβαστὸς

69 1563 275 1650 ἐπιδημήσας
305 1560 401 1650 ὑμῶν
427 1566 468 1650 τῇ
494 1561 589 1630 πόλει
616 1562 672 1629 καὶ
699 1561 783 1650 πρὸς
809 1561 889 1641 τοὺς
905 1560 1085 1651 ὑμετέρους
1098 1594 1124 1634 ω

68 1675 206 1748 πολίτας
224 1668 414 1755 διαλεχθεὶς
437 1666 609 1753 ,Ἄνδρες
632 1666 739 1752 εἶπεν,
759 1667 999 1754 Ἀλεξανδρεῖς,
1022 1667 1138 1755 ἀρε-434

27 1809 54 1850 15
69 1780 141 1862 ίημι
168 1774 230 1862 τὴν
252 1773 351 1842 πόλιν
374 1778 481 1853 αίτίας
503 1775 612 1860 πάσης
634 1777 728 1841 αίδοί
747 1777 808 1841 τοῦ
821 1771 977 1860 μεγάλου
999 1778 1085 1842 θεοῦ

69 1880 266 1969 Σαράπιδος
293 1877 397 1948 αὑτοῦ
426 1907 461 1948 τε
488 1881 585 1948 ἕνεκα
611 1882 673 1947 τοῦ
701 1878 811 1965 δήμου
833 1879 972 1947 καὶτοῦ
994 1880 1085 1965 μεγέ-

68 1995 155 2066 θους
186 1990 244 2075 τῆς
274 1985 417 2066 πόλεως·
454 1991 543 2054 αίτία
576 1988 617 2054 δέ
641 2011 700 2072 μοι
725 1990 819 2072 τρίτη
846 1987 904 2070 τῆς
931 1988 979 2063 είς
999 1981 1086 2072 ὑμᾶς

69 2089 205 2173 εὐνοίας
232 2094 301 2161 ἐστὶ
324 2095 379 2160 καὶ
403 2090 421 2160 ὁ
447 2089 750 2180 έταῖρος”Αρειος.“
795 2082 839 2176 ἦν
863 2087 941 2157 δὲὺ
923 2088 1087 2177 α”Αρειος

71 2189 170 2278 οὗτος
201 2205 337 2285 πολίτης
368 2198 429 2285 μὲν
458 2196 631 2285 ὑμέτερος,
672 2202 844 2284 Καίσαρος
870 2195 908 2263 δὲ
935 2200 996 2264 τοῦ
1022 2204 1085 2263 Σε-

32 2339 60 2378 20
74 2308 202 2391 βαστοῦ
225 2303 430 2391 συμβιωτάς,
453 2301 540 2392 άνηρ
563 2302 759 2390 φιλόσοφος.

163 2409 211 2479 T&
231 2411 293 2498 μὲν
313 2403 376 2478 οὑν
400 2414 471 2500 ίδίηι
488 2410 564 2495 περὶ
582 2409 645 2496 την
662 2410 763 2478 πόλιν
780 2407 877 2496 ὑμῶν
894 2407 1087 2498 ὑπάρξαντα
1106 2419 1128 2472 Β

71 2517 161 2606 παρὰ
193 2519 262 2586 τῶν
292 2512 480 2604 Ὀλυμπίων
511 2520 619 2600 θεῶν,
656 2513 702 2597 ὦς
733 2518 770 2584 ἐν
802 2521 921 2605 βραχεῖ
949 2515 1088 2604 φράσαι,

71 2628 222 2712 τοιαῦτα,
255 2627 369 2691 σιωπῶ
403 2622 440 2691 δὲ
473 2620 530 2690 διὰ
558 2621 596 2691 τὸ
623 2626 731 2710 μῆκος
759 2620 800 2690 τδι
828 2622 950 2690 πολλά·
987 2623 1028 2690 τὰ
1051 2625 1088 2691 δέ

72 2733 170 2818 κοινῇ
202 2728 281 2797 καθ’
307 2727 435 2817 ἡμέραν
463 2725 525 2796 οὐκ
554 2725 749 2816 ἀνθρώποις
776 2725 903 2814 ὀλίγοις
930 2724 1010 2796 οὐδὲ
1038 2729 1088 2797 ἑνὶ

31 2865 59 2907 ετ
73 2836 164 2922 γένει
187 2833 267 2905 οὐδὲ
290 2839 350 2926 μιᾷ
372 2833 478 2918 πόλει,
503 2833 603 2901 παντὶ
626 2832 663 2900 δέ
686 2831 773 2919 ὁμοὺ
794 2836 839 2923 τῷ
862 2832 976 2923 κόσμῳ
998 2833 1088 2920 παρά

71 2945 140 3011 τῶν
173 2945 347 3028 ἐπιφανῶν
378 2944 471 3008 θεῶν
504 2938 666 3030 διδόμενα
694 2941 764 3017 πῶς
789 2936 884 3025 ὑμεῖς
912 2937 973 3008 οὑκ
1002 2949 1088 3020 ἴσως

141 3155 232 3216 διιόν
250 3164 346 3228 Hrch.]
365 3161 415 3215 καί
442 3163 446 3226 Ι
474 3158 570 3228 είςΗ]
590 3155 637 3214 ἐπὶ
664 3163 669 3224 Ι
695 3165 815 3244 παρεῖχε
834 3164 932 3227 scripsi
949 3179 997 3229 pro
1015 3181 1088 3227 παρ-

74 3235 165 3298 εἶχεν.
196 3233 237 3283 Ρο
254 3238 289 3283 et
299 3237 377 3283 mart.
395 3249 436 3283 πα
457 3235 523 3282 εἰ..
537 3231 691 3282 ,Ροττεεεε
698 3231 795 3297 igitur
810 3246 872 3281 cum
889 3231 1000 3282 Reiskio
1019 3249 1089 3297 παρ-

74 3303 153 3366 εῖχεν
172 3296 219 3365 (an
236 3296 379 3366 παρεσχεν
384 3296 411 3378 Ρ)
435 3311 472 3351 αν
491 3297 661 3350 scribendum
679 3303 708 3348 et
726 3298 807 3415 paulo
827 3304 891 3349 ante
909 3295 959 3350 καὶ
977 3315 1090 3378 εοτνερ

73 3369 137 3420 dum
208 3371 240 3418 12
264 3358 412 3447 Σεβαστὸς
430 3364 526 3442 Hreh.]
544 3357 755 3444 Σεβαστδςδὲ
826 3368 857 3416 17
882 3362 923 3426 είς
942 3363 992 3432 Ρο]
1018 3383 1039 3417 τι
1040 3361 1089 3432 ρός

73 3429 184 3555 Ξδδτά
180 3431 274 3487 πολλά
291 3433 389 3502 Hrch]
410 3430 502 3488 ταῦτα
519 3425 555 3484 τά
573 3425 665 3484 πολλά
717 3435 751 3486 26
770 3426 913 3500 διδόμενα
931 3434 1090 3501 Horkelius]

95 3520 108 3557 ε
131 3500 223 3572 ομένα
