2446 3870
142 117 207 181 254
445 102 590 169 πνεῖται
611 116 861 170 ικεεεεεοειεε

143 252 259 333 βαλεῖν
287 247 320 325 ἐς
346 241 384 313 τό
404 241 577 332 ἀποφῆναι
595 241 655 313 τὸν
673 244 890 332 λντρωθίντα
918 247 1056 333 δοῦλον,
1085 244 1161 317 ἀλλ’

143 351 268 431 ἐκεῖνός
300 352 392 419 ἐστιν
424 346 470 431 ῶς
501 347 637 438 άληθῶς
674 351 811 436 δοῦλος,
849 341 891 418 οὗ
922 350 1039 440 κύριός
1071 355 1164 423 ἐστιν

142 459 253 547 ἕτερος
279 456 555 546 προσαναγκάσαι
586 455 742 545 πράττειν
774 452 841 542 ὅ,τι
869 451 911 524 άν
938 459 1072 547 κελεύῃ,
1106 463 1164 528 καὶ

142 562 186 652 μὴ
215 563 424 652 βουλόμενον
451 561 590 632 κολάσαι
617 569 690 649 καί,
722 559 759 631 τὸ
789 561 972 651 λεγόμενον
1004 559 1071 634 ὑπὸ
1099 570 1163 634 τοῦ

142 672 295 758 ποιητοῦ,
693 753 695 757 .
1038 701 1039 704 ¹
1176 700 1191 739 5

355 789 472 856 κακαῖς
498 771 642 863 ὀδύνῃσι
668 773 834 856 πελάζεινς

101 897 207 991 Βὸρα
239 897 281 988 δὴ
309 897 347 969 τὸ
376 897 456 988 μετὰ
487 901 603 984 τούτο,
636 903 668 966 εί
691 895 737 986 μὴ
769 897 881 986 κύριοι
912 897 1033 980 πάντες
1066 895 1162 988 ἡμῶν

142 1012 242 1093 εἰσιν,
275 1002 334 1087 οδς
366 1002 552 1093 άναγκαῖον
588 999 669 1093 ἡμῖν
704 1003 921 1094 θεραπεύειν,
959 1008 1016 1072 ἵνα
1054 1006 1161 1093 μηδὲν

142 1110 295 1202 άλγῶμεν
331 1111 415 1200 μηδὲ
452 1111 636 1198 λνπῶμεθα
672 1110 886 1198 κολαζόμενοι
923 1107 1002 1199 παρ’
1038 1108 1162 1182 αύτῶν.

140 1215 162 1307 ἢ
189 1222 288 1289 τούτο
318 1227 380 1287 οίει
407 1217 546 1286 κόλασιν
573 1215 696 1304 μόνον,
729 1226 763 1285 εί
784 1243 835 1298 τις
862 1217 1161 1306 ἐπανατεινόμενος
1176 1249 1202 1289 1ο

140 1323 203 1413 τὴν
221 1328 405 1415 βακτηρίαν
423 1328 597 1392 καθίκοιτο
616 1325 679 1390 τοῦ
697 1323 845 1405 οίκίτον;
864 1328 973 1392 καίτοι
992 1350 1029 1410 γε
1047 1329 1161 1394 τοιού-

140 1457 201 1498 τον
229 1426 311 1498 ούδδ
345 1433 381 1498 οί
405 1428 603 1518 τραχύτατοι
634 1430 703 1496 τῶν
735 1431 908 1498 δεσποτῶν
940 1428 994 1498 ἐπὶ
1021 1430 1161 1500 πάντων

140 1539 278 1605 ποιοῦσι
304 1538 372 1605 τῶν
400 1538 549 1622 οἰκετῶν,
577 1531 660 1603 ἀλλὰ
686 1536 742 1604 καὶ
761 1534 861 1620 λόγος
880 1530 976 1629 άρκεῖ
1000 1536 1160 1618 πολλάκις

102 1642 197 1711 Οκαὶ
236 1639 361 1730 ἀπειλή.
414 1641 539 1730 μήποτε
577 1631 655 1727 οὖν,
694 1631 720 1709 ῶ
758 1647 850 1728 φίλε,
891 1647 1033 1730 νομίσῃς
1069 1641 1159 1711 εἶναι

141 1749 329 1839 ἐλεύθερος,
357 1745 451 1837 άχρις
478 1739 521 1817 οὖ
547 1745 674 1835 γαστὴρ
703 1743 796 1836 άργει
824 1767 887 1816 σον
915 1748 970 1816 καὶ
997 1746 1039 1816 τά
1067 1754 1157 1839 ἐνερ-
1172 1776 1196 1816 ιτ

140 1866 203 1924 θεν
231 1853 373 1947 γαστρὸς
405 1859 441 1924 οί
465 1881 501 1924 τε
532 1856 594 1923 τοῦ
626 1867 809 1942 παρασχεῖν
841 1851 881 1921 τὰ
913 1850 996 1942 πρὸς
1029 1849 1160 1943 ἡδονὴν

140 1963 196 2031 καλ
232 1964 337 2031 ταῦτα
374 1958 590 2031 άποκωλύσαι
626 1959 752 2051 κύριοι,
789 1960 845 2029 καὶ
883 1964 914 2028 εί
952 1958 1084 2028 τούτων
1122 1961 1158 2030 δὲ

139 2070 252 2154 γε’νοιο
280 2075 449 2159 κρείττων,
478 2070 540 2148 ἕως
567 2062 611 2134 ἂν
638 2065 803 2154 δονλεύῃς
829 2079 901 2145 ταῖς
928 2068 997 2133 τῶν
1024 2071 1160 2136 πολλῶν

141 2175 264 2260 δόξαις,
292 2171 387 2244 ούπω
406 2177 464 2262 τῆς
491 2175 685 2263 ἐλευθερίας
704 2177 816 2258 ἔθιγες
843 2168 924 2240 ούδδ
951 2171 1083 2260 ἐγεύσωρ
1098 2177 1160 2242 τού

110 2282 310 2369 νέκταρος,
536 2340 539 2344 .
1171 2308 1197 2350 ιο

224 2399 275 2470 Ού
301 2401 348 2490 μδι
374 2400 434 2471 τὸν
466 2404 504 2470 ἐν
536 2402 726 2493 στέρνοισιν
757 2403 850 2489 ἐμοῖς
880 2400 1077 2492 παραδόντα
1109 2430 1169 2478 τε,

940 2507 1095 2598 τρακτύν.

7 2682 8 2685 ¹
96 2632 195 2700 Βααλ
223 2626 266 2700 ού
292 2630 392 2700 τούτό
420 2658 516 2720 φημι,
545 2627 590 2713 ῶς
608 2626 855 2721 ἀπερυθριάσαι
883 2628 945 2719 χρὴ
972 2629 1056 2720 πρὸς
1073 2632 1158 2701 πάν-

139 2766 197 2820 τας
224 2739 279 2807 καὶ
303 2737 463 2828 πράττειν
489 2739 530 2806 τὰ
558 2735 632 2826 (μὴ)
660 2737 819 2826 πρακτέα·
853 2733 926 2805 ἀλλ’
957 2728 1005 2805 ῶν
1038 2734 1158 2826 άπεχό-

139 2855 228 2933 μεθα
259 2846 316 2914 καὶ
349 2842 411 2913 ὅσα
442 2843 642 2935 πράττομεν,
679 2840 724 2931 μὴ
758 2839 815 2911 διὰ
845 2840 883 2911 τὸ
915 2857 986 2924 τοῖς
1021 2853 1159 2925 πολλοῖς
1171 2872 1196 2914 ετ

139 2956 253 3021 δοκεῖν
280 2955 448 3021 σπουδαῖα
475 2949 609 3030 πάντως
635 2944 656 3038 ἢ
685 2950 811 3036 φαῦλα,
840 2946 897 3018 διά
924 2951 1024 3019 τοῦτο
1052 2951 1156 3040 πράτ-

207 3154 223 3203 ο
240 3152 322 3203 Iliad.
342 3165 365 3215 ε,
384 3151 433 3202 τοο
459 3148 464 3216 ι
491 3144 583 3230 κακῇ,
600 3149 679 3205 Hom.
749 3152 765 3202 8
787 3144 883 3216 μησεν
900 3137 937 3216 Η]
956 3144 1054 3217 μησεν
1126 3154 1158 3201 ιν

138 3211 211 3272 ούδέ
225 3214 256 3271 οί
271 3216 432 3286 Horkelius]
444 3211 529 3270 ὀν’δὲ
540 3234 575 3268 ον
593 3233 621 3282 v,
640 3207 731 3269 ούδὲν
745 3208 815 3270 ὀύδ’
834 3211 866 3268 οί
881 3217 948 3268 Rsk.
995 3220 1034 3268 17
1052 3217 1157 3284 ταῦτα]

138 3289 231 3350 „Pom
249 3284 367 3339 πάλιν.“
391 3287 473 3347 Rsk..
499 3275 592 3337 ταύτδι
609 3285 637 3335 Η
669 3286 673 3347 Ι
706 3276 892 3337 ἀποκωλῦσαι
910 3283 946 3351 Η]
961 3277 1158 3349 ,άποκωλύσαι

137 3357 168 3406 21
187 3354 251 3406 vid.
270 3354 384 3406 Porson.
404 3353 438 3405 ad
457 3356 523 3405 Eur.
542 3352 614 3404 Med.
631 3354 682 3403 629
704 3357 732 3403 et
749 3352 881 3406 Mullaeh.
898 3352 934 3402 ad
956 3352 1077 3419 Pythag.
1097 3370 1157 3404 aur.

138 3438 223 3477 carm.
243 3439 270 3488 p.
288 3425 318 3473 11
338 3437 360 3474 ε.
430 3424 463 3475 23
481 3413 698 3487 ἀπερυθριάσαι
716 3417 756 3486 H]
777 3411 992 3484 άπερνθριάσαι
1008 3418 1013 3485 Ι
1029 3414 1154 3488 πάντας]

136 3482 255 3542 πάνταῖ
311 3493 344 3541 24
361 3482 400 3558 μὴ
421 3489 481 3540 add.
501 3491 560 3540 Pet.
629 3490 663 3538 26
681 3479 807 3554 πάντας]
825 3488 911 3546 wc?
