2408 3856
150 109 238 155 θ’
271 113 276 123 ’
296 124 300 133 ”
477 151 612 204 ORATIO
631 151 654 203 1.
1032 150 1074 214 35

143 277 319 366 θαλάττης
354 275 479 368 ἀνδρὸς
507 276 667 366 Ἕλληνος
703 273 821 366 ἡττᾶτο
859 283 981 363 σοφίας
1016 279 1072 346 καὶ

106 413 167 474 της
205 386 420 474 στρατιωτῶν
457 382 498 453 ού
530 386 665 474 τρυφᾶν
696 383 960 472 μεμελετηκότων
992 381 1072 452 οὐδὲ
1128 412 1133 421 ·

106 491 249 576 ιλεύειν,
283 486 356 558 ἀλλ’
385 491 571 580 ἐλευθέρως
603 488 766 580 ἄρχεσθαι
793 491 849 558 καὶ
876 503 995 558 πονεῖν
1026 494 1071 557 εί-

114 625 174 667 ων.
212 591 290 665 ὅδὲ
307 610 380 676 ταῖς
397 611 623 685 παρασκευαῖς
649 599 780 665 ἐκείνου
807 596 1072 685 καταδεέστερος,

103 693 244 792 εληιιτος
277 701 313 770 δὲ
346 704 473 788 μᾶλλον
504 703 560 771 καὶ
592 705 632 791 τῇ
665 708 769 792 μανίᾳ
801 700 881 782 τοὺς
905 698 1072 782 Ἀλωάδας

111 807 347 900 ιρβαλλόμενος
379 807 486 896 μόνον
514 805 589 896 ούχὶ
621 807 659 876 τὸ
688 814 832 896 πλησίον
864 803 942 895 ὄρος
969 810 1070 895 ἐγνω-

111 945 118 996 5
154 913 395 1002 ἀμφικαλύψαι
430 916 471 1003 τῇ
506 913 615 1000 πόλει,
652 915 803 1000 ἐπαφιείς
840 912 877 981 δὲ
913 916 1072 1002 ποταμῶν

111 1023 203 1110 ματα
231 1022 286 1088 καὶ
315 1018 356 1088 τὰ
382 1026 471 1108 τείχη
501 1019 663 1100 διαλύσας
690 1016 772 1090 οὐδὲ
799 1015 986 1106 ἀτειχίστου
1013 1022 1115 1106 τῆςι)

111 1154 182 1207 εως
223 1119 479 1216 περιγενόμενος
520 1132 615 1214 ἔσχεν
656 1121 711 1214 ἐφ’
751 1121 815 1217 ότφ
858 1125 1072 1214 σεμνύνηται,

111 1233 208 1322 ιάπερ
238 1228 255 1301 ὁ
274 1233 398 1321 Ξέρξης
415 1247 487 1314 ταῖς
506 1229 665 1320 Ἀθήναις
683 1230 838 1320 ἐμβαλῶν
864 1229 927 1320 τὴν
953 1231 1072 1320 φλόγα.

115 1339 192 1428 νῄει
224 1337 262 1406 δέ
293 1337 458 1427 τεττάρων
490 1341 607 1426 μηνῶν
643 1335 818 1419 ἀναλώσας
849 1338 973 1427 χρόνον
1009 1366 1071 1426 μυ-

113 1463 145 1513 σι
178 1452 316 1524 πολλαῖς
347 1471 447 1532 ηττον
480 1441 620 1529 ἀπάγων
646 1442 684 1513 τὸ
713 1443 898 1534 σράτευμα,
924 1442 1044 1516 καὶ
1008 1473 1071 1573 την

116 1556 198 1653 χίαν
229 1546 402 1637 ηγάπησεν
434 1546 452 1619 ὁ
484 1550 636 1639 πρόσθεν
663 1547 832 1679 ἀφόρητος
860 1553 982 1636 δοκῶν,
1009 1548 1071 1637 τὴν

116 1653 319 1743 ἀσχολίαν
355 1658 411 1725 καὶ
448 1684 509 1744 την
540 1659 609 1724 τῶν
640 1654 720 1779 παρ’
755 1652 835 1745 ἡμῖν
867 1655 1071 1746 πραγμάτων

108 1789 202 1850 αχην
231 1757 340 1851 ῶσπερ
359 1768 464 1851 ἔρυμα
491 1788 549 1849 της
573 1758 678 1831 αὑτοῦ
704 1762 978 1851 προβαλλόμενος
1005 1781 1069 1830 σω-

117 1873 176 1949 ίας.
213 1871 318 1935 ταῦτα
345 1866 536 1938 καταλιπῶν
563 1870 616 1937 ἐπὶ
643 1871 702 1956 τῆς
717 1865 827 1948 Ἀσίας
853 1867 995 1957 τρόπαια
1013 1870 1069 1936 καὶ
1089 1899 1122 1948 29

120 2000 173 2060 σς,
188 1974 243 2041 έπὶ
270 1971 332 2061 τὴν
350 1971 522 2063 Εὐρώπην
548 1971 697 2062 ἀκμῆτας
714 1964 793 2060 ἦγες
815 1970 852 2040 τὸ
873 1972 1070 2059 στράτευμα,

137 2080 344 2167 οἰκουμένην
372 2077 506 2149 άπασαν
529 2083 692 2168 ἐμπλῆσαι
710 2084 881 2167 τροπαίων
908 2077 1069 2164 έγνωκῶς.

116 2234 126 2253 ι
157 2184 196 2254 δέ
228 2183 322 2273 ἤρκει
353 2184 394 2254 τὰ
425 2185 577 2274 πρόσθεν
613 2187 777 2274 ῥηθέντα,
815 2189 846 2253 εί
876 2185 931 2252 καὶ
963 2185 1070 2273 μηδὲν

126 2292 206 2379 περὶ
234 2294 298 2359 σού
325 2293 435 2378 λέγειν
461 2290 553 2379 εἶχον
572 2291 783 2380 σεμνότερον,
810 2289 893 2381 πρὸς
919 2289 956 2359 τὸ
985 2292 1068 2361 πάν-

155 2393 335 2484 ἀποφῆναί
368 2417 405 2467 σε
440 2401 508 2466 τῶν
550 2403 741 2486 ἔμπροσθεν
776 2400 834 2485 τῆς
870 2393 975 2485 αὐτῆς
1015 2418 1069 2466 σοι

121 2502 286 2590 ,σχόντων
312 2501 413 2592 τύχης
432 2504 565 2572 συνέσει
591 2505 648 2572 καὶ
667 2502 761 2592 ῥώμη
788 2505 983 2592 κρατοῦντα.
1028 2500 1067 2572 τὸ

142 2603 284 2689 ἀπαθῶς
312 2604 466 2687 ώσασθοιι
494 2607 555 2697 μὲν
581 2607 644 2696 τὴν
670 2612 813 2698 Περσῶν
840 2609 997 2697 δύναμιν,
1026 2606 1068 2678 ού

121 2740 151 2784 ιν
191 2711 273 2782 οὐδὲ
310 2714 492 2805 φρούριον,
529 2712 601 2785 ἀλλ’
641 2713 722 2784 οὐδὲ
759 2714 963 2804 στρατιώτην
999 2719 1068 2784 τῶν

117 2808 306 2907 καταλόγου
333 2823 529 2911 προέμενον,
557 2827 732 2911 πολιορκίη
756 2821 794 2889 δέ
819 2822 912 2902 τέλος
940 2824 1064 2890 έπιθεῖ-
1085 2845 1107 2896 Β

133 2923 289 3016 λαμπρὸν
307 2927 363 2994 καὶ
381 2921 456 2995 οἷον
481 2924 574 2996 ούπω
593 2926 745 3016 πρόσθεν
772 2924 972 3016 ἠκούσαμεν,
999 2932 1066 2994 τίνι

143 3035 214 3101 τῶν
247 3036 441 3121 ἔμπροσθεν
472 3039 678 3122 παραβαλεῖν
711 3039 833 3123 ἔργωνς
870 3031 1066 3120 περιβόητος

122 3163 189 3209 νεν
216 3133 235 3205 ό
265 3142 513 3227 Καρχηδονίων
539 3141 576 3206 έν
602 3154 674 3220 τοῖς
701 3143 825 3220 δεινοῖς
852 3137 966 3224 τόλμα,
995 3133 1062 3204 ἀλλ’

152 3305 193 3387 τῇ
213 3298 298 3359 πόλει
322 3324 373 3359 om
391 3310 416 3357 V
490 3310 506 3359 8
528 3307 617 3387 τείχη
631 3307 685 3386 V]
691 3307 771 3387 χείλη
840 3309 856 3358 9
880 3296 1065 3390 σεμνύνονται

36 3420 37 3425 ,
93 3369 348 3452 ,εμνύνοηταιῶ
372 3374 508 3426 ΗοσΙοοο
526 3365 685 3441 σεμνύνοιτ’
707 3365 745 3426 ἀν
762 3375 867 3425 0t2513
886 3368 1065 3458 σεμνύνοινί

1 3444 15 3468 ”
56 3435 197 3503 'halim
261 3444 293 3494 15
312 3459 404 3494 αντον
422 3442 482 3495 VM
543 3441 658 3505 2οπερὶ
678 3440 728 3494 σού
733 3440 816 3519 VM]
836 3440 905 3508 περι
919 3455 972 3493 σον
1032 3444 1064 3491 22

90 3502 117 3530 ²
118 3501 230 3567 ’όντων
247 3509 277 3560 Μ
345 3512 380 3561 24
398 3515 427 3561 et
444 3512 477 3561 25
495 3508 552 3561 τῶν
570 3503 602 3561 ἐκ
620 3506 690 3576 VM]
711 3499 762 3560 τόν
780 3503 811 3561 ἐκ

806 3597 854 3657 ,ηε

134 3692 137 3695 Ι
153 3706 162 3720 ι’
188 3709 195 3718 7⁸⁴

130 3734 166 3750 ,αι’ῖι
257 3723 260 3726 „

159 3752 172 3758 „v
191 3752 197 3759 ,

130 3760 206 3795 [ΨἾΣ-’ῖ
218 3782 219 3787 ,
249 3776 259 3789 >s

118 3774 198 3831 W
283 3792 288 3797 ··
