2446 3870
133 123 196 186 258
436 123 579 174 ιοιιιαι
601 123 849 185 ιιιεειιιτοοιε
879 173 881 176 ,

134 249 218 338 μηδὲ
249 247 290 318 τά
327 247 499 338 ἀγάλματα
535 249 619 338 μηδὲ
656 247 736 330 τοὺς
773 249 923 336 βωμούς,
961 258 1070 319 οίεταί
1105 281 1155 335 τις

134 355 316 444 ἀθεότητος
343 355 430 424 εἶναι
458 371 606 442 σημεῖον,
634 352 697 424 ούκ
717 353 830 444 ὀρθῶς
848 363 986 443 νομίζει·
1014 349 1058 444 ἦν
1088 357 1153 447 γάρ

136 461 238 533 οὐδὲν
266 459 357 553 αύτῷ
384 465 453 529 των
470 461 645 547 τοιούτων,
673 457 715 530 ού
734 462 928 549 λιβανωτός,
948 459 990 531 ού
1009 466 1152 553 σπονδή,

135 567 197 639 οὐκ
225 565 399 658 άργύριον,
428 565 513 637 ὅθεν
540 565 625 636 αύτά
653 573 795 655 πρίαιτο.
842 573 873 636 εί
900 568 936 636 δὲ
965 569 1053 638 ἐνόει
1077 573 1152 659 περὶ

134 679 226 745 θεων
255 673 382 762 ὀρθῶς,
415 671 509 762 ἤρκει
535 676 634 743 τοῦτο
667 673 788 760 μόνον·
821 670 905 762 αὐτῇ
933 673 998 762 γάρ
1027 672 1177 758 αύτούςε

135 781 338 870 ἐθεράπευσε
365 783 405 868 τῇ
432 783 533 869 ψυχῇ,
562 778 679 859 διδοὺς
698 777 790 866 οἶμαι
817 777 857 848 τά
884 780 1065 867 τιμιώτατα
1083 786 1153 851 των

136 890 273 972 ἑαυτοῦ,
304 885 342 956 τὸ
370 889 581 956 καθοσιωσαι
612 884 673 973 την
702 887 824 954 ἑαυτοῦ
851 884 964 973 ψυχὴν
997 885 1055 955 διά
1084 888 1152 956 τῶν

96 996 287 1063 Οέννοιῶν.
338 990 573 1080 άπερυθριάτω
607 991 643 1060 δὲ
676 994 851 1079 μηδαμῶς,
883 989 955 1060 ἀλλ’
992 993 1152 1081 ἑπόμενος

136 1103 181 1191 τῷ
210 1099 298 1190 λόγῳ
327 1099 490 1188 πρότερον
513 1097 575 1185 μὲν
594 1093 685 1188 αύτῷ
713 1098 887 1184 χειρόηθες
913 1101 1151 1187 καταστησάτω

135 1205 173 1275 τὸ
202 1202 437 1293 παθηματικὸν
464 1206 522 1291 τῆς
548 1207 658 1292 ψυχῆς
676 1203 807 1292 μόριον,
835 1201 919 1272 ὥστε
937 1207 1152 1274 παντάπασιν
1166 1233 1189 1271 ιο

137 1314 259 1392 ἐξελεῖν
291 1307 374 1378 αὐτὸ
406 1309 463 1378 καὶ
494 1307 578 1396 μηδὲ
611 1306 662 1376 ὅτι
693 1323 809 1398 κρατεῖ
839 1313 906 1377 των
938 1306 1075 1397 ἡδονῶν
1108 1318 1152 1380 εί-

137 1417 239 1484 δίναι.
290 1421 337 1495 είς
369 1418 468 1483 τούτο
501 1411 565 1501 γάρ
598 1412 737 1502 άμεινον
775 1418 903 1502 ἐλθεῖν,
935 1421 983 1496 εἰς
1015 1415 1053 1485 τὸ
1087 1425 1152 1503 καί,

135 1527 167 1589 εί
191 1521 309 1609 πάσχει
334 1548 384 1601 τις
411 1518 452 1589 τά
479 1523 632 1608 τοιαῦτα,
661 1518 746 1601 ὅλως
773 1518 951 1609 άγνοησαι·
985 1526 1087 1592 τοῦτο
1116 1525 1152 1594 δὲ

135 1624 216 1716 ἡμῖν
244 1625 306 1697 ούκ
334 1624 441 1708 άλλως
468 1623 489 1715 ἢ
518 1624 574 1696 διά
601 1630 669 1695 των
697 1631 895 1714 γυμνασιων
926 1622 1152 1716 προσγίνεται.

135 1739 193 1803 ’ίνα
221 1733 258 1804 δὲ
285 1734 330 1823 μή
357 1762 407 1816 τις
438 1729 591 1823 ύτιολάβη
619 1760 659 1822 με
686 1736 790 1800 ταῦτα
823 1730 930 1814 άλλως
957 1736 1084 1821 λέγειν,
1117 1739 1153 1804 ἐκ
1165 1760 1187 1802 15

90 1849 116 1903 D
135 1844 203 1909 των
230 1846 397 1927 παιγνίων
424 1840 604 1931 Κράτητος
624 1836 721 1925 ὀλίγα
747 1859 802 1908 σοι
829 1839 1053 1929 παραγράψω·

162 1965 396 2054 Μνημοσύνης
422 1967 479 2034 καὶ
506 1961 616 2053 Ζηνὸς
641 1960 824 2051 Ὀλυμπίου
853 1960 961 2050 άγλαδι
988 1967 1099 2051 τέκνα,

216 2076 364 2142 Μοῦσαι
383 2076 548 2161 Πιερίδες,
576 2072 676 2138 κλύτί
700 2097 757 2157 μοι
785 2066 967 2162 εὐχομένω·

163 2178 294 2265 Χόρτον
322 2175 374 2246 άεὶ
403 2180 550 2264 συνεχως
577 2176 653 2244 δότε
681 2178 825 2263 γαστέρι,
853 2173 910 2263 ἥτε
937 2202 995 2262 μοι
1023 2181 1094 2245 αίεί

217 2285 328 2371 Χωρὶς
356 2282 566 2368 δουλοσύνης
593 2280 686 2351 λιτὸν
713 2287 814 2368 ἔθηκε
842 2287 927 2368 βίον.
1167 2311 1191 2350 ιο

567 2400 586 2441 >Ι<
708 2401 727 2441 ss

492 2460 493 2463 ,
638 2452 657 2493 η,

214 2518 396 2609 Ώφίλιμον
424 2521 462 2590 δὲ
489 2528 611 2609 φίλοις,
639 2521 682 2611 μη
711 2520 875 2612 γλυκερὸν
901 2529 1018 2593 τίθετε.

163 2626 322 2715 Χρήματα
351 2625 384 2696 δ’
415 2625 478 2697 οίκ
505 2630 611 2727 ἐθέλω
640 2630 801 2716 συνάγειν
830 2629 947 2716 κλυτά,
975 2631 1154 2720 κανθάρου

1004 2735 1099 2806 οἶτον

83 2860 136 2909 ‘200
218 2838 461 2929 Μύρμηκός’
432 2870 450 2910 τ
492 2840 617 2929 άφενος
644 2842 793 2932 χρήματα
820 2840 1009 2929 μαιόμενος,
1167 2875 1193 2915 ιε

160 2946 256 3017 Ἀλλδι
285 2947 503 3035 δικαιοσύνης
531 2950 678 3036 μετέχειν
704 2950 760 3017 καὶ
788 2945 981 3017 πλούτον’
963 2963 1093 3034 αγινειν

204 3153 220 3200 3
237 3141 327 3202 ονδὲν
346 3147 382 3216 Η]
402 3140 529 3200 ούθὲν
562 3141 765 3213 6ἒθεράπενε
783 3149 811 3198 Η
880 3147 950 3218 ἵτῷ
970 3147 1153 3201 καθοσιωσαι

136 3218 196 3268 Pet.
285 3219 317 3266 16
339 3215 494 3282 παιγνίων]
518 3215 581 3266 vid.
604 3217 748 3279 Wyttenb.
772 3217 808 3266 ad
830 3216 902 3266 Plut.
925 3232 991 3267 mor.
995 3232 1039 3298 p
1067 3219 1153 3268 125ss

137 3288 262 3349 17—1).
281 3287 331 3336 259
350 3287 366 3336 3
383 3285 488 3336 Eadem
485 3284 682 3362 legunturp
700 3283 785 3334 213ss
857 3287 887 3335 19
911 3276 1002 3348 άει]’
989 3299 1042 3350 εμη
1062 3286 1153 3335 altero

136 3353 197 3403 loeo
212 3352 216 3416 Ι
233 3347 370 3434 συνεχῶς]
391 3367 497 3417 οννεχη
517 3352 606 3402 altero
625 3351 686 3401 loco
702 3343 743 3431 λ’
722 3367 773 3418 ητε
791 3366 892 3417 μοι-
911 3354 944 3402 20
962 3345 1152 3419 δουλοσύνης]

136 3418 185 3470 καί
214 3415 281 3471 δότε
306 3415 391 3485 χωρὶς
418 3413 611 3499 δουλοσύνης,
634 3408 653 3484 ἣ
678 3413 715 3484 δὴ
739 3417 828 3468 altero
856 3419 915 3469 loco
1001 3421 1036 3469 24
1058 3412 1150 3486 οἶτον]

86 3528 89 3533 ⁴
133 3479 222 3553 ὄλβον
241 3485 328 3538 altero
347 3486 408 3537 loco
477 3489 511 3538 26
534 3479 648 3551 ἆγινειν
664 3485 761 3552 spanh.
781 3487 865 3538 ePet
855 3488 924 3540 tavii
948 3486 1152 3551 emendatione,
