2416 3864
213 116 400 211 ἸΕΡΙθἸῸΙιΑ
417 159 467 210 ΔΙ)
486 157 515 210 S.
534 161 564 210 P.
583 160 614 222 Q.
633 158 906 211 ATHENIENSEM.
1017 157 1079 221 357

60 285 195 374 τὸμὲν
227 284 335 373 ὅνομά
365 312 423 369 μοι
455 287 579 374 ταχέως
610 287 666 354 καὶ
697 283 735 354 τὸ
767 288 942 374 χλανίδιον
973 312 1079 373 περιε-

61 392 175 481 βλήθη
208 395 269 461 τοῦ
302 397 474 480 καίσαρος·
506 387 527 479 ἡ
556 391 594 460 δέ
627 392 680 460 ἐπὶ
713 390 822 481 τοάτφ
840 395 991 464 ,δουλεία
1024 392 1080 460 καὶ

61 496 100 567 τδ
139 495 229 567 καθ’
259 497 401 585 ἑκάστην
441 493 570 586 ἡμέραν
610 493 695 586 ὑπέρ
734 494 837 585 αὐτῆς
872 499 930 583 τῆς
971 500 1081 584 ψυχῆς
1194 581 1196 583 ‚

63 603 326 692 ἐπικρεμάμενον
345 599 421 684 δέος
445 599 616 693 Ἡράκλεις
643 601 726 672 ὅσον
749 604 804 671 καὶ
824 597 911 672 οἷον·
939 612 1119 691 κλεῖθραΒ

34 713 193 799 5θυρῶν,
220 715 384 799 θυρωροί,
411 712 479 778 τῶν
498 711 636 779 οἰκετῶν
655 713 692 777 αί
716 724 821 799 χεῖρες
844 708 1079 797 ἔρευνῶμεναι,

62 816 108 905 μή
139 822 190 896 τίς
221 843 278 904 μοι
310 813 400 903 παρά
432 818 501 885 τῶν
534 821 643 902 φίλων
676 820 921 903 γραμματίδιον
952 821 1079 904 κομίζ,

61 928 228 1012 θεραπεία
268 923 363 1009 ξένη·
405 921 500 1009 μόλις
540 918 720 1009 ἠδυνήθην
761 922 889 1001 οἰκέτας
933 923 1080 1009 ἐμαυτοῦ

62 1030 235 1117 τέτταρας,
267 1025 428 1115 παιδάρια
459 1025 522 1115 μέν
554 1027 619 1096 δάο
652 1030 777 1116 κομιδῇ
801 1027 916 1115 μικρά,
949 1027 1013 1096 δύο
1042 1027 1080 1095 δὲ

63 1140 226 1221 μείζονας,
255 1138 302 1213 είς
327 1132 390 1220 τὴν
418 1129 526 1220 αὐλὴν
554 1133 756 1222 οἰκειότερόν
782 1160 822 1221 με
848 1133 1077 1224 θεραπεύσον-

22 1255 50 1298 10
63 1267 123 1321 τας
150 1245 352 1326 εἰσαγαγεῖν,
381 1229 430 1307 ῶν
457 1233 504 1320 εἷς
532 1266 588 1327 μοι
606 1239 710 1328 μόνος
736 1238 850 1309 καὶτὰ
869 1238 952 1329 πρὸς
974 1237 1079 1320 θεοὺς
1143 1271 1144 1274 ’

64 1343 229 1426 σννειδῶς
255 1346 310 1414 καὶ
339 1340 383 1426 ῶς
410 1346 576 1433 ἐνεδέχετο
605 1346 716 1438 λάθρᾳ
744 1346 978 1435 συμπράττων·
1007 1348 1077 1415 ἐπε·
1146 1334 1156 1361 “

63 1458 220 1521 πίστευτο
248 1450 286 1519 δέ
304 1453 372 1520 τῶν
390 1456 532 1538 βιβλίων
550 1478 616 1539 μου
634 1451 696 1539 τὴν
715 1452 881 1540 φυλακήν,
909 1448 957 1521 ῶν
975 1452 1078 1541 μόνος
1096 1465 1117 1520 0

18 1606 20 1610 ψ
64 1561 133 1626 τῶν
164 1558 237 1644 ἐμοὶ
271 1559 404 1625 πολλῶν
441 1558 582 1645 ἑταίρων
618 1560 674 1626 καὶ
711 1564 822 1645 φίλων
858 1561 1002 1645 πιστῶν,
1035 1553 1082 1639 εἷς

66 1662 194 1751 ἰατρός,
227 1659 264 1744 ὃς
295 1669 366 1749 καί,
399 1659 450 1732 ὅτι
482 1668 580 1750 φίλος
613 1659 662 1732 ῶν
695 1664 859 1751 ἐλελίθει,
892 1665 1081 1751 συναπεδή-

24 1780 51 1820 1⁵
65 1789 180 1858 μησεν.
227 1766 315 1838 οἵτω
348 1768 386 1837 δέ
413 1771 555 1838 ἐδεδίειν
587 1767 651 1856 ἐγῶ
683 1772 787 1837 ταῦτα
819 1771 875 1838 καὶ
903 1772 1082 1858 ψοφοδεῶς

66 1873 159 1963 εἶχον
185 1873 270 1965 πρὸς
296 1871 393 1961 αὐτά,
421 1871 504 1944 ῶστε
527 1876 582 1944 καὶ
602 1876 830 1964 βουλομένους
857 1876 995 1944 είσιέναι
1013 1879 1082 1944 τῶν

67 1987 178 2068 φίλων
209 1979 355 2062 πολλοὺς
386 1978 465 2070 παρ’
500 1981 556 2068 ἐμὲ
592 1983 649 2051 καὶ
681 1979 756 2069 μάλ’
792 1979 883 2050 άκῶν
920 1981 1081 2066 ἔκῶλυον,

67 2092 154 2155 ίδεῖν
186 2086 247 2173 μέν
280 2084 404 2168 αὐτοὺς
437 2089 628 2176 ἐπιθυμῶν,
662 2085 773 2157 ὀκνῶν
806 2089 843 2157 δέ
859 2176 860 2179 ¹
876 2089 1015 2168 ἐκείνοις
1046 2114 1082 2155 τε

65 2194 127 2262 καὶ
150 2194 281 2284 ἐμαυτῷ
309 2195 468 2280 γενέσθαι
495 2197 682 2283 συμφορῶν
710 2203 823 2276 αίτιος.
865 2191 947 2264 ἀλλὰ
973 2197 1078 2262 ταῦτα
1108 2273 1109 2276 ¹

24 2311 51 2350 ²⁰
65 2298 128 2388 μὲν
155 2300 283 2380 ἔξωθέν
310 2302 394 2386 ἐστι,
420 2298 569 2390 τά(δε)δέ
597 2303 634 2370 ἐν
661 2297 776 2383 αὐτοῖς
802 2315 873 2383 τοῖς
901 2301 1122 2392 πράγμασιῖι

64 2410 279 2494 τριακοσίους
311 2405 469 2493 ἑξήκοντά
505 2435 563 2494 μοι
600 2405 682 2489 δοὺς
718 2408 921 2498 στρατιώτας
959 2414 1006 2490 είς
1041 2405 1079 2476 τδ

64 2514 134 2580 τῶν
152 2514 288 2593 Κελτῶν
307 2518 408 2593 ἔθνος
426 2509 715 2602 ἀνατετραμμένον
739 2521 871 2601 ἔστειλε,
899 2518 1082 2603 μεσοῦντος

65 2615 132 2705 ἤδη
160 2621 222 2686 τοῦ
248 2620 423 2706 χειμῶνος,
456 2615 518 2687 οὐκ
545 2616 691 2709 άρχοντα
723 2624 850 2708 μᾶλλον
881 2625 949 2690 τῶν
977 2624 1081 2690 ἐκεῖσε

66 2725 302 2813 στρατοπέδων
328 2720 349 2812 ἢ
376 2739 447 2805 τοῖς
474 2727 579 2794 ἐκεῖσε
610 2741 806 2816 στρατηγοῖς
833 2723 1080 2796 δπακούσοντα.

26 2838 52 2880 ²⁵
66 2830 248 2918 ἐγέγραπτο
276 2828 340 2919 γὰρ
373 2828 488 2912 αὐτοῖς
519 2833 575 2900 καλ
604 2833 791 2902 ἐνετέταλτο
824 2833 1011 2922 διαρρήδην
1039 2828 1081 2899 οὐ

65 2934 145 3017 τοὺς
171 2943 351 3024 πολεμίους
377 2940 504 3026 μάλλον
531 2934 551 3026 ἢ
579 2937 636 3026 ἐμέ
661 2939 945 3028 παραφυλάττειν,
974 2934 1019 3019 ῶς
1037 2933 1080 3005 δν

65 3036 109 3131 μὴ
138 3042 303 3133 νεῶτερόν
329 3070 361 3113 τι
388 3043 554 3132 πράξαιμι.
599 3044 729 3113 τοῦτοιν
757 3044 795 3113 δέ
823 3040 863 3114 δν
891 3051 979 3132 ἔφην
1005 3044 1080 3134 τρό-

64 3175 131 3220 πον
163 3152 369 3238 γενομένῶν,
401 3152 476 3252 περὶ
507 3147 565 3232 τὰς
597 3149 722 3263 τροπὰς
752 3150 810 3233 τὰς
840 3149 985 3238 θερινάς
1006 3154 1134 3220 ἔπι-278

153 3327 181 3374 11
210 3316 249 3383 ῶς
267 3318 297 3378 ἐν
317 3320 367 3390 δέη
370 3327 458 3377 ετοῖ
473 3323 495 3406 Ι
528 3316 714 3376 ἐπεπίστευτο
737 3321 807 3444 HR
805 3320 977 3375 πεπίστευτο
1048 3326 1109 3375 13

20 3412 22 3415 ’
65 3384 166 3451 πιστὸς
184 3393 246 3446 Pet
328 3395 359 3444 17
377 3385 450 3470 μάλ’
466 3383 544 3445 άντων
562 3389 640 3458 Οολ).]
662 3387 739 3511 μάλα
771 3384 830 3442 κῶν
904 3392 937 3443 20
954 3382 1026 3440 τάδε
1045 3385 1080 3442 δέ

65 3457 105 3527 Η]
126 3478 161 3512 τα
152 3454 215 3512 δὲ
285 3451 351 3511 24
336 3452 523 3541 υπακράοντα
540 3460 568 3510 Η
646 3451 715 3511 ῖὸἐ
717 3457 858 3528 γέγραπτο
875 3452 969 3526 Η]έ
936 3475 952 3524 γ
969 3473 1080 3525 γραπτο

65 3530 99 3581 28
121 3523 254 3595 θερινάς]
281 3520 445 3595 χειμερινάς
469 3529 528 3578 Pet.
564 3508 687 3591 θερινὰς
709 3532 801 3579 tuetur
818 3527 948 3580 Valesius
966 3527 1000 3576 ad
1018 3525 1079 3576 Am-
