2446 3870
488 140 625 193 οειτιο
643 141 680 196 11,
1047 139 1088 205 87

67 274 142 360 ποῦς
178 268 242 359 γάρ
280 265 369 349 είκός
400 265 508 349 οῦτως
543 263 667 355 ἀγεννῆ
700 269 756 336 καὶ
789 266 882 336 δειλά
912 283 1089 359 παραινεῖν

70 375 132 447 τὸν
164 381 251 463 Δία,
284 373 390 456 άλλως
420 401 456 443 τε
488 370 570 443 οὐδὲ
602 374 792 466 μαχομένῳ,
826 372 888 455 ξῦν
918 379 1024 464 πολλή
1051 376 1089 445 δὲ

72 485 191 553 ἑστῶτι
219 481 390 573 ῥᾳστώνη;
418 481 474 549 καὶ
502 476 647 566 ὁπηνίκα
674 475 749 549 ὃέὸ
776 484 839 549 τοῦ
861 483 1003 567 Τυδέως,
1031 485 1090 568 τής
1198 529 1202 537 ι

69 587 218 676 Ἀθηνᾶς
244 585 373 675 πολλὴν
400 589 436 655 ἐκ
462 589 525 655 τοῦ
556 586 702 675 κράνους
729 583 943 674 ἀναπτούσης
970 586 1090 674 φλόγα,

45 693 221 775 ιπολλοῦς
247 693 310 781 μέν
336 699 470 780 ἔκτεινε,
498 692 637 779 φεύγειν
656 693 693 762 δέ
711 690 874 781 ἠνάγκαζε
900 691 980 774 τοῦς
1008 687 1089 762 ῦπο-

70 804 251 891 μένοντας,
287 799 401 889 πόρρω
438 826 474 867 τε
510 796 702 887 ἀφειστήκει
737 802 799 868 τοῦ
834 800 996 886 πολέμου,
1032 800 1130 867 καλΒ

70 904 181 978 πολλὰ
212 901 391 994 ὑπομένων
424 902 539 992 ὀνείδη
572 901 705 991 ἀπέγνω
737 903 799 992 μέν
830 908 990 994 κρατοῦσι
1020 920 1091 987 τοῖς

68 1012 215 1102 Ἀχαιοῖς
242 1009 451 1099 ἀντιστῆναι,
478 1008 626 1101 εὐπρεπῆ
655 1009 693 1078 δὲ
720 1025 862 1079 ποιεῖται
887 1009 950 1099 τήν
978 1017 1026 1092 είς
1052 1009 1090 1080 τὸ

72 1118 161 1190 ἀστν
188 1125 344 1208 πορείαν,
372 1113 418 1199 ὥς
445 1120 485 1207 τῇ
513 1119 613 1207 μητρὶ
640 1118 853 1205 παραινέσων
881 1119 1090 1211 έξιλεοῦσθαι

35 1253 59 1294 ιο
71 1223 137 1315 τήν
163 1222 314 1313 Ἀθηνάν
340 1222 507 1312 μετὰτῶν
537 1222 718 1313 Τρωάὃων.
758 1229 867 1294 καίτοι
894 1228 926 1292 εί
951 1222 1012 1312 μέν
1031 1220 1090 1291 αύ-

71 1330 130 1413 τὸς
165 1332 289 1400 ίκέτενε
320 1328 385 1421 πρὸ
417 1333 479 1410 τοῦ
511 1327 577 1398 νεὼ
611 1328 672 1411 ξῦν
703 1332 744 1418 τῇ
776 1336 951 1420 γερουσίᾳ,
983 1327 1092 1399 πολύν

75 1435 149 1528 (ἀν)
177 1434 244 1524 εἶχε
271 1436 384 1522 λόγον·
417 1436 578 1527 προσήκει
606 1434 670 1525 γὰρ
699 1435 791 1523 οἶμαι
818 1434 878 1506 τὸν
905 1435 1091 1526 στρατηγὸν

74 1541 96 1632 ή
124 1545 264 1632 βασιλέα
291 1542 443 1632 καθάπερ
477 1543 566 1633 ίερέα
598 1543 654 1610 καὶ
681 1542 859 1632 προφήτην
890 1543 1092 1631 θεραπεύειν

76 1648 127 1720 ἀεὶ
157 1647 219 1731 ξῦν
245 1649 358 1741 κύσμςο
385 1647 446 1718 τὸν
472 1647 558 1717 θεὸν
585 1648 641 1717 καὶ
668 1647 774 1737 μηδὲν
807 1645 982 1738 ὀλιγωρεῖν
1009 1647 1132 1736 μηὸὲῡ

42 1781 65 1822 15
78 1758 177 1847 ἑτέρω
210 1757 337 1842 μάλλον
367 1754 550 1846 προσήκειν
585 1750 743 1843 ἡγεῖσθαι
779 1753 863 1843 μηδὲ
895 1755 1092 1843 ἐπιτρέπειν,

77 1860 217 1943 ἀνάξιον
244 1857 351 1930 αὑτοῦ
377 1867 557 1949 νομίζοντα
583 1859 621 1929 τὸ
650 1860 847 1947 ιλιακόνημα.

160 1965 262 2055 Οἶμαι
281 1966 345 2057 γάρ
363 1965 427 2055 τήν
444 1967 627 2047 Πλάτωνος
645 1963 746 2055 μικρά
764 1965 977 2054 παρατρέψας
1005 1965 1093 2045 λέξιν

11 2126 14 2137 .
79 2073 139 2163 οὐχ
167 2069 431 2164 ἁμαρτήσεσθαι,
460 2069 505 2154 ἀς
523 2070 589 2164 ὅτφ
609 2068 721 2160 ἀνδρί,
748 2073 875 2158 μᾶλλον
899 2068 936 2138 δὲ
955 2076 1094 2156 βασιλεῖ,

79 2183 111 2262 ές
138 2178 200 2249 τὸν
225 2177 312 2248 θεὸν
344 2177 525 2268 ἀνήρτηται
552 2179 661 2248 πάντα
692 2174 734 2245 τά
760 2173 844 2266 πρὸς
875 2171 1095 2262 εὐδαιμονίαν

45 2289 228 2376 ιοφέροντα
256 2287 312 2354 καὶ
339 2283 383 2374 μή
412 2288 449 2353 ἐν
481 2283 593 2366 ἀλλοις
624 2279 819 2375 ἀνθρώποις
846 2288 1029 2374 αἰωρεῖται,
1062 2284 1095 2363 ἐξ

11 2380 22 2439 '2
80 2384 128 2461 ὦν
161 2383 200 2461 εὖ
227 2387 248 2478 ἢ
281 2395 390 2472 κακῶς
421 2391 621 2481 πραξάντων
652 2393 846 2459 πλανᾶσθαι
878 2387 1095 2476 ἀναγκάζεται

79 2496 183 2579 αῦτῦς
209 2499 264 2566 καὶ
292 2495 333 2565 τὰ
361 2500 491 2567 ἐκείνου
509 2497 696 2588 πράγματα,
723 2496 830 2587 τούτω
850 2493 968 2587 ἀριστα
995 2507 1139 2583 παρε-Ι)

79 2605 260 2674 σκεύασται
277 2602 361 2694 πρὸς
378 2602 416 2672 τὸ
437 2606 504 2691 ζήν.
541 2608 572 2672 εί
589 2602 627 2672 δὲ
654 2603 821 2693 ἐπιτρέποι
849 2603 965 2690 μηδεὶς
990 2626 1095 2691 παρα-

79 2711 224 2801 γράφειν
251 2708 334 2796 μηόέ
353 2711 521 2799 ἐκτρέπειν
539 2708 623 2797 μηδὲ
650 2707 913 2800 μεταλαμβάνειν
935 2704 1096 2794 τοῦνομα,

46 2840 67 2883 ιι
80 2814 165 2886 ἀλλά
193 2813 304 2904 ὥσπερ
333 2813 425 2905 ἱερὸν
444 2812 585 2906 ἀρχαῖον
607 2815 735 2884 κελεύοι
762 2815 876 2901 μένειν
895 2817 955 2883 έῦν
981 2810 1096 2898 ἀκίνη-

79 2949 155 3010 τον,
194 2918 276 2992 οῦδὲ
313 2918 420 3002 οὕτως
454 2919 535 2990 ἀλλο
571 2947 603 2990 τι
644 2925 855 2990 διανοεῖσθαι
890 2919 951 2989 τὸν
988 2916 1097 3004 σοφὸν

80 3031 233 3117 ἐροῦμεν.
278 3024 316 3095 τὸ
344 3026 409 3118 γάρ
437 3029 581 3096 σεαυτοῦ
609 3023 652 3095 ού
675 3027 785 3115 δήπου
812 3024 850 3094 τὸ
871 3024 966 3112 σῶμά
993 3043 1098 3111 φησιν

81 3131 164 3206 οῦδὲ
190 3132 232 3205 τά
259 3133 408 3224 χρήματα
436 3130 517 3203 οὐδὲ
535 3130 707 3220 εὐγένειαν
725 3130 904 3211 καὶδόξαν
931 3130 1098 3219 πατέρων·

151 3293 274 3355 mm&
297 3305 322 3354 V
391 3297 554 3384 θπύρρω
546 3319 578 3355 τε
595 3300 629 3368 V]
653 3297 806 3367 πόρρωθεν
862 3295 1046 3379 seccvu]
1070 3288 1099 3358 ἒς

80 3363 317 3452 θέξιλάσααθαι
339 3376 413 3422 cant.
484 3374 515 3421 12
537 3360 574 3422 ἀν
598 3370 660 3422 add
679 3371 707 3418 Η
776 3369 808 3418 16
832 3357 922 3419 αύτοῦ
940 3366 999 3416 VM
1068 3368 1099 3418 1⁷

81 3436 251 3504 Πλατωνος]
269 3439 378 3490 Menex.
395 3439 481 3489 247ss
533 3441 567 3490 25
584 3430 697 3489 κελεύοι
714 3434 748 3501 V]
768 3426 881 3487 κελεύει
944 3437 977 3487 2⁷
996 3428 1099 3486 σεαντὸ

81 3507 116 3559 V.
153 3506 336 3558 scribendum
355 3497 461 3558 ἑαυτὸν
