2446 3870
60 466 187 558 σχολὴν
215 467 371 556 ἄγοντας,
398 472 521 538 τοῦτον
549 466 591 556 δὴ
620 466 766 555 άσχολον
785 469 893 539 ἐκάλει
920 471 976 539 καὶ
1004 473 1075 541 ἐπέ-

57 602 159 666 τρεπε
190 573 233 644 τά
264 577 340 664 περὶ
371 574 434 663 την
466 572 573 664 ἀρχὴν
607 575 788 664 ξύμπαντα.
834 576 1014 664 γενόμενος
1041 576 1079 646 δέ

26 679 224 773 εέγκροιτὴς
252 677 410 751 ἁπάντων
442 679 531 750 οὕτω
559 695 630 762 τοῖς
661 678 820 769 ἀδελφοῖς
847 687 984 763 δικαίως
1011 680 1079 771 άμα

57 791 117 859 καί
147 787 335 877 σωφρόνως
362 789 593 876 προσηνέχθη,
627 785 711 856 ὥστε
739 792 775 856 οί
804 788 865 877 μέν
897 786 975 857 οὔτε
1001 798 1079 878 κλη-

58 898 181 976 θέντες
218 891 295 963 οὕτε
332 891 530 982 ἀφικόμενοι
565 891 648 983 πρὸς
684 889 847 982 ἀλλήλους
887 896 1080 978 ἐστασίαζον

59 1004 119 1071 καὶ
153 1000 366 1088 διεμάχοντο,
398 1000 507 1092 τούτῳ
540 999 577 1069 δέ
609 996 827 1087 ἐχαλέπαινον
864 997 966 1069 οὐδὲν
998 999 1118 1071 mmo

60 1110 262 1196 ἐμέμφοντο.
309 1108 377 1176 ἐπεὶ
405 1105 442 1175 δέ
470 1103 583 1175 αὐτῶν
610 1102 764 1194 ἡστάσις
791 1108 884 1188 τέλος
910 1104 998 1194 εἶχεν
1017 1106 1080 1177 οὐκ

16 1241 44 1280 10
61 1210 215 1302 εὐτυχές,
248 1211 324 1295 ἐξὸν
356 1223 607 1300 μεταποιεῖσθαι
634 1211 813 1299 πλειόνων,
847 1210 932 1282 ε’κών
960 1209 1079 1302 άφηκε,

59 1324 122 1408 τῆς
151 1316 254 1407 αὐτῆς
286 1316 404 1408 άρετῆς
435 1314 696 1407 ὑπολαμβάνοιτ’
716 1319 822 1389 πολλά
849 1346 883 1389 τε
898 1325 996 1408 Ιἔθνη
1024 1322 1079 1389 καὶ

61 1425 162 1512 ὀλίγα
191 1431 340 1512 δεῖσθαι,
372 1435 582 1514 περικεῖσθαι
610 1426 647 1494 δέ
679 1423 772 1513 οἶμαι
799 1432 983 1515 φροντίδας
1010 1433 1079 1515 μεί-

62 1541 163 1616 ζονας
196 1528 262 1623 ότςο
294 1530 461 1600 πλειόνων
494 1527 623 1620 ἀνάγκη
657 1532 841 1620 [ἐπιμελείν
873 1534 949 1620 καί]
982 1532 1079 1621 κη’δε-

62 1649 158 1708 σθαι.
203 1635 245 1706 οὑ
271 1635 336 1727 γὰρ
357 1634 400 1724 δὴ
427 1639 558 1726 τρυφῆς
576 1633 804 1725 ὑπολαμβάνει
827 1636 889 1726 τὴν
908 1645 1080 1726 βασιλείαν

21 1770 48 1809 15
63 1743 154 1814 εἶναι
186 1742 401 1833 παρασκευὴν
438 1739 533 1830 οὐδέ,
572 1741 681 1833 ὥσπερ
714 1744 767 1814 ἐπὶ
803 1748 871 1813 τῶν
902 1745 1081 1834 χρημάτων

63 1857 112 1932 είς
147 1849 272 1932 πότους
306 1850 363 1919 καὶ
399 1845 525 1938 ἡδονὰς
562 1855 597 1919 οί
630 1849 878 1940 καταχρώμενοι
918 1850 1079 1937 μειζόνων
1096 1865 1122 1918 D

62 1955 229 2045 εὐπορίαν
266 1955 447 2045 προσόδων
484 1958 695 2042 ἐπινοοῦσιν,
737 1953 824 2023 οὕτω
866 1959 986 2043 χρῆναι
1022 1954 1082 2025 τὸν

62 2064 204 2151 βασιλέα
231 2061 550 2152 παρασκευάζεσθαι,
579 2059 660 2132 οὐδὲ
683 2057 899 2150 ἀναιρεῖσθαι
925 2060 1082 2148 πόλεμον,

64 2168 132 2258 ό,τι
165 2168 210 2257 μὴ
241 2170 310 2237 τῶν
342 2166 537 2257 άρχομένων
568 2172 626 2256 τῆς
659 2163 820 2254 ὠφελείας
851 2169 957 2235 ἕνεκα.
1003 2163 1081 2236 οὐκ·

26 2301 51 2339 ιο
65 2279 131 2345 οὖν
159 2278 275 2367 ἐκείνω
304 2275 366 2363 μέν
394 2280 481 2363 ἐχειν
508 2273 544 2343 τὸ
573 2276 676 2344 πλέον
704 2275 896 2363 ξυγχωρῶν,
924 2270 1026 2355 αὐτὸς
1045 2274 1082 2343 δέ

64 2383 147 2472 μετά
176 2379 294 2470 άρετῆς
326 2387 463 2474 ἐλαττον
495 2385 581 2468 έχων
607 2383 653 2473 τῷ
681 2387 845 2473 κρατίστω
872 2389 1082 2451 πλεονεκτεῖν

65 2485 221 2574 ὑπέλαβε.
267 2489 323 2555 καὶ
351 2484 402 2556 ὅτι
429 2484 473 2574 μη
502 2489 570 2555 δέει
588 2489 715 2575 μᾶλλον
741 2489 801 2575 τῆς
828 2489 958 2557 ἐκείνου
976 2513 1082 2576 παρα-

65 2597 189 2682 σκευῆς
216 2590 278 2682 τὴν
305 2589 448 2681 ἡσυχίαν
476 2589 598 2681 ἠγάπα,
625 2592 802 2684 τεκμήριον
830 2589 911 2681 ὑμῖν
939 2592 1084 2682 ἐμφανὲς
1102 2614 1136 2662 95

66 2707 150 2770 ἐστω
190 2694 208 2769 ὁ
247 2697 327 2787 μετὰ
363 2702 467 2767 ταῦτα
504 2697 681 2787 ξυμπεσων
716 2699 867 2788 πόλεμος.
923 2702 1081 2793 ἐχρήσατο

29 2831 53 2870 ιε
65 2810 153 2894 γοῦν
185 2804 271 2895 πρὸς
306 2803 365 2887 τὰς
397 2807 527 2874 ἐκείνου
565 2805 724 2894 δυνάμεις
760 2801 844 2895 ὑπὲρ
877 2803 982 2875 αὑτοῦ
1013 2820 1084 2885 τοῖς

135 3088 247 3174 1ρὺτῶ
265 3091 301 3162 V]
321 3088 399 3162 αὐτῷ
420 3095 425 3160 Ι
453 3087 610 3161 προσήκειν
628 3093 662 3161 V]
682 3094 827 3162 προσῆκον
895 3085 1084 3176 λξόμπαντοι

65 3159 142 3231 VM]
167 3178 286 3214 απαντα
355 3164 449 3213 6ει7
472 3153 540 3214 οότε
558 3189 591 3199 -
609 3154 677 3214 οὔτε
700 3159 743 3230 Η]
768 3153 840 3213 οὐδὲ
859 3188 890 3197 -
910 3159 981 3212 ουδε
1053 3164 1083 3211 13

67 3223 229 3296 ἐκιμελεῖν]
253 3223 404 3294 ἐπιμένειν
421 3231 464 3292 Μ,
487 3223 681 3296 ἐπισυνέχειν,
705 3237 737 3280 ut
754 3230 877 3289 videtur,
900 3229 938 3291 V,
956 3229 985 3277 in
1004 3225 1083 3291 eujus

66 3300 195 3365 margine
226 3298 330 3364 legitur
357 3290 511 3363 ἐπιμέλεια.
545 3298 651 3365 Ιυολαεὶ
680 3290 827 3360 ἐπιμελεῖν
854 3291 917 3356 καλ,
945 3296 992 3346 sod
1018 3296 1084 3345 fort.

68 3366 247 3417 scribendum
276 3359 422 3431 κη’δεσδατ
452 3361 502 3416 καὶ
532 3357 691 3430 ἐπαμύνειν
720 3363 771 3427 (cf.
795 3361 895 3428 2930)
966 3363 1083 3422 15το5ν

67 3432 137 3500 VM]
156 3431 209 3485 τὸν
277 3435 311 3484 20
329 3425 442 3502 ἐκείνῳ]
462 3425 562 3484 ἐκεῖνα
579 3433 614 3496 V,
627 3426 720 3483 ἐκεῖνο
737 3432 766 3480 M
782 3428 787 3496 Ι
807 3429 951 3499 ξυγχωρεῖ
964 3434 997 3495 V,
1018 3429 1084 3499 ξυγ-

48 3503 173 3566 χωρεῖν
193 3501 221 3550 Μ
290 3505 323 3553 23
342 3494 470 3567 ἐμφανὲς
488 3499 551 3550 add.
571 3501 604 3550 V.
635 3499 863 3551 ef.97131011)
