2446 3870
484 157 622 208 ORATIO
640 157 677 210 11.
1025 157 1086 221 123

65 288 182 372 δρείας
215 285 317 351 ίκανα
347 282 409 371 μὲν
440 281 482 352 τὰ
508 282 660 372 πρόσθεν
692 285 841 372 ρηθέντα
868 299 1003 372 σημεῖα,
1031 312 1084 354 πι-

65 388 207 477 στότερα
242 387 280 457 δὲ
313 386 406 477 οἶμαι
437 387 478 459 τὰ
512 394 592 478 ἔργα
624 393 692 458 τῶν
723 389 843 476 λόγων.
888 388 929 458 τὰ
961 390 999 459 δὲ
1031 394 1084 460 ἐπὶ

63 499 105 585 τῇ
133 502 212 583 νίκη
245 494 408 582 γενόμενα
439 496 496 565 καί
524 493 614 576 ὅπως
646 497 765 584 ξίφους
793 495 854 585 μὲν
882 492 985 565 οὐδὲν
1013 498 1083 565 έδέ·

62 623 147 690 ησεν
184 607 247 687 ἔτι,
285 597 362 670 οὐδ’
396 610 430 669 εί
461 628 512 683 τις
548 599 762 691 ἀδικημάτων
798 603 959 691 μειζόνων
995 601 1083 690 εἶχεν

30 704 228 795 εὐπορίαν,
256 704 338 777 οὐδὲ
366 717 399 777 εί
426 734 471 800 τῳ
499 706 583 797 πρὸς
609 705 669 777 τὸν
701 708 872 797 τύραννον
900 711 1083 796 οίκειοτέρα
1102 738 1136 784 ος

61 817 185 902 γέγονε
217 819 328 901 φιλία,
361 810 441 883 οὐδὲ
477 812 546 902 μὴν
577 823 611 882 εί
642 841 692 895 τις
723 817 839 905 ἐκείνῳ
871 814 1084 903 χαριζόμενος

60 923 184 1011 φέρειν
215 945 251 988 τε
285 916 383 1008 ἠξίου
414 920 577 1010 κηρύκιον
612 922 669 989 καὶ
706 923 906 1009 ἐλοιδορεῖτο
942 927 1082 1007 βασιλεῖ,

60 1030 123 1114 τῆς
150 1033 347 1115 προπετείας
374 1024 508 1095 ἀπέτισε
526 1031 635 1114 δίκην,
663 1024 729 1112 ό,τι
756 1023 800 1113 μὴ
824 1017 927 1095 τᾶλλα
955 1037 1082 1114 μοχθη-

61 1131 126 1222 ρὸς
152 1124 211 1220 ἦν,
243 1133 423 1221 ἐννοήσατε
451 1130 494 1219 δὴ
521 1130 606 1222 πρὸς
639 1138 755 1219 φιλίου
782 1131 875 1212 Διός.
920 1130 1083 1201 Ποταπδν

17 1265 45 1304 ιο
61 1239 102 1308 δὲ
131 1241 241 1327 χρῆμα
268 1244 435 1327 λοιδορίας
464 1234 509 1319 ὥς
526 1238 719 1326 θνμοδαιιὲς
741 1235 877 1327 ἀληθῶς
904 1240 960 1307 καί
978 1234 1081 1326 ἀμύτ-

59 1372 126 1414 τον
152 1342 265 1433 ψυχὴν
292 1341 420 1433 μᾶλλον
437 1341 459 1433 ἢ
477 1350 617 1434 σίδηρος
634 1348 757 1434 χρῶτας
786 1340 914 1414 οὐκοῦν
941 1343 1082 1414 καὶτὸν

58 1449 229 1520 Ὀδυσσέα
255 1450 452 1539 παρώξυνεν
480 1456 527 1531 είς
546 1451 692 1539 δύναμιν
715 1448 912 1578 αἰμόηασθαι
939 1450 1027 1544 λόγῳ
1046 1476 1081 1520 τε

60 1558 120 1627 καί
157 1562 261 1649 ἔργῳ
300 1559 461 1686 διηνέχθη
500 1560 585 1642 γοῦν
621 1552 705 1647 νπὲρ
741 1557 864 1627 τούτου
899 1555 984 1640 πρὸς
1019 1556 1120 1630 τὸνΒ

61 1662 245 1745 ξενοδόκον
273 1661 374 1744 αὐτὸς
401 1659 450 1732 σόν
477 1660 599 1794 ιἰλήτης
615 1666 672 1732 καὶ
699 1665 802 1750 ξένος,
829 1663 885 1732 καὶ
911 1666 1080 1731 ταῦταεί-

20 1797 48 1838 ιε
61 1767 201 1856 δως,“
181 1796 232 1838 οτι

135 1890 351 1982 ’Ἁφρων-
383 1893 439 1962 καί
467 1889 646 1973 οὐτιδανὸς
672 1888 809 1961 πέλετ’
791 1891 888 1980 ανήρ,

136 1996 250 2080 Ὅστις
277 1999 456 2090 ξεινοδόκῳ
485 2003 580 2089 ἔριδα
606 2000 795 2087 προφέρησι
823 2003 973 2084 βαρεῖαν,

60 2123 120 2192 καὶ
144 2119 364 2212 Ἀλέξανδρον
390 2121 450 2191 τὸν
470 2129 640 2192 Φιλίππου
668 2122 724 2190 καὶ
740 2116 885 2207 Ἀχιλλέα
913 2117 972 2188 τὸν
991 2120 1078 2208 [τῆς]

62 2229 204 2309 Θέτιδος
230 2229 286 2297 καὶ
314 2226 436 2310 ἄλλους
455 2231 495 2297 δέ
519 2257 612 2310 τινας
631 2225 672 2297 οὐ
701 2225 854 2314 φαύλους
873 2222 955 2296 οὐδὲ
982 2223 1079 2312 ἆγεν-

23 2365 48 2403 ιο
61 2349 132 2416 νεϊς
160 2332 373 2423 ἀνθρώπους.
418 2335 510 2426 μόνῳ
540 2334 578 2404 δὲ
604 2330 753 2423 ὑπῆρχεν
786 2331 879 2420 οἶμαι
908 2332 1118 2423 Σωκράτειῦ

61 2442 119 2510 καὶ
148 2447 304 2522 σπανίοις
320 2442 412 2509 τισὶν
432 2444 562 2510 ἐκείνου
581 2448 748 2528 ζηλωταῖς,
775 2435 974 2528 εὐδαίμοσιν
1002 2437 1080 2527 ιἰλη-

60 2550 135 2628 θῶς
163 2549 221 2616 καὶ
252 2553 428 2636 μακαρίοις
459 2548 667 2635 γενομένοις,
694 2543 755 2615 τόν
783 2552 924 2632 ἔσχατον
952 2543 1080 2614 ἀποδό-

62 2667 191 2723 σασθαι
213 2656 338 2741 χιτῶνα
361 2655 420 2740 τῆς
438 2659 636 2741 φιλοτιμίας.
682 2652 861 2740 φιλότιμον
879 2649 942 2741 γὰρ
962 2654 1081 2733 δεινῶς

62 2757 99 2828 τὸ
128 2759 256 2846 πόθος,
288 2761 344 2828 καὶ
377 2764 486 2829 ἔοικεν
519 2759 711 2847 ἐμφύεσθαι
743 2757 800 2827 διὰ
826 2761 926 2827 τοῦτο
954 2762 1081 2847 μᾶλλον

27 2881 134 2947 υταῑς
163 2871 334 2952 γενναίαις
360 2880 494 2952 ψυχαῖς·
523 2864 687 2953 ἄχθονται
705 2863 770 2954 γὰρ
789 2858 834 2945 ὡς
852 2862 1079 2954 ἐναντιωτάτῳ
1143 2936 1145 2939 ,

64 2979 162 3059 σφίσι
195 2977 364 3063 λοιδορία,
396 2974 453 3040 καὶ
483 2969 565 3052 τοὺς
597 2967 864 3062 ἄπορρίπτοντας
895 2971 929 3050 ἐς
956 2965 1082 3048 αὐτοὺς

132 3181 344 3270 λαπιστότερα
360 3189 418 3240 VM
474 3181 576 3241 4οόδ’
593 3187 628 3254 V]
646 3182 716 3269 ρόδὲ
778 3180 989 3270 λέλοιδορεῖτο
1007 3186 1065 3237 VM

63 3250 207 3320 ἐλοιδόρει
231 3253 281 3325 τῷ.
310 3257 368 3309 vid.
388 3257 424 3308 εδ
447 3257 514 3310 ὅόΒ
583 3243 711 3308 8τᾶλλα
728 3253 763 3320 V]
786 3248 877 3306 τᾶλλα
945 3247 1021 3317 9δή
1041 3255 1069 3303 Μ

64 3321 97 3377 δὲ
169 3327 203 3374 10
226 3313 325 3389 λόιδορ
327 3322 359 3397 ίῳ
381 3340 400 3374 v
469 3326 502 3375 14
524 3317 679 3388 ξενοδόκον
698 3319 734 3388 V]
761 3315 929 3386 ξεινοδόκον
956 3322 960 3386 Ι
988 3321 1083 3372 Verba

64 3384 152 3451 αὐτὸς
170 3407 262 3443 ων-
283 3343 439 3459 ξεινοδόκῳ
458 3407 511 3443 om.
531 3394 554 3441 V
625 3392 656 3440 16
674 3389 735 3454 Ody
737 3405 773 3441 τε
793 3389 825 3452 θ,
843 3389 894 3441 209
964 3390 1082 3472 Παρο-

65 3455 191 3576 φέρηηριι
209 3451 328 3512 αεθλων
344 3461 425 3510 Hom
490 3461 523 3510 18
541 3456 592 3525 τῆς
610 3475 662 3509 om
681 3457 706 3507 V
768 3459 800 3509 19
818 3427 851 3508 δέ
869 3454 906 3523 Η]
927 3448 966 3524 δή
990 3456 995 3523 l
1019 3449 1083 3524 αχε-

64 3531 124 3586 νεις
