<?xml version="1.0" encoding="UTF-8"?>
<!DOCTYPE html PUBLIC "-//W3C//DTD XHTML 1.0 Transitional//EN"
    "http://www.w3.org/TR/xhtml1/DTD/xhtml1-transitional.dtd">
<html xmlns="http://www.w3.org/1999/xhtml" xml:lang="en" lang="en">
 <head>
  <title>
</title>
<meta http-equiv="Content-Type" content="text/html;charset=utf-8" />
  <meta name='ocr-system' content='tesseract 3.04.00' />
  <meta name='ocr-capabilities' content='ocr_page ocr_carea ocr_par ocr_line ocrx_word'/>
</head>
<body>
  <div class='ocr_page' id='page_1' title='image "./iulianiimperato01juligoog_0121.png"; bbox 0 0 2446 3870; ppageno 0'>
   <div class='ocr_carea' id='block_1_1' title="bbox 149 150 860 216">
    <p class='ocr_par' dir='ltr' id='par_1_1' title="bbox 149 150 860 216">
     <span class='ocr_line' id='line_1_1' title="bbox 149 150 860 216; baseline -0.024 1"><span class='ocrx_word' id='word_1_1' title='bbox 149 152 209 216; x_wconf 87' lang='lat'><strong><em>108</em></strong></span> <span class='ocrx_word' id='word_1_2' title='bbox 446 153 590 204; x_wconf 75' lang='grc' dir='ltr'><strong><em>ιυιιιιο</em></strong></span> <span class='ocrx_word' id='word_1_3' title='bbox 611 150 860 202; x_wconf 75' lang='grc' dir='ltr'><strong><em>ιιιεοοιοοιειε</em></strong></span> 
     </span>
    </p>
   </div>
   <div class='ocr_carea' id='block_1_2' title="bbox 99 277 1209 3021">
    <p class='ocr_par' dir='ltr' id='par_1_2' title="bbox 99 277 1209 3021">
     <span class='ocr_line' id='line_1_2' title="bbox 149 277 1164 366; baseline -0.004 -16"><span class='ocrx_word' id='word_1_4' title='bbox 149 279 232 351; x_wconf 83' lang='grc' dir='ltr'><strong><em>ἀλλά</em></strong></span> <span class='ocrx_word' id='word_1_5' title='bbox 260 281 316 349; x_wconf 84' lang='grc' dir='ltr'><strong><em>καὶ</em></strong></span> <span class='ocrx_word' id='word_1_6' title='bbox 343 283 376 346; x_wconf 88' lang='grc' dir='ltr'><strong><em>εί</em></strong></span> <span class='ocrx_word' id='word_1_7' title='bbox 400 281 469 346; x_wconf 92' lang='grc' dir='ltr'><strong><em>τῶν</em></strong></span> <span class='ocrx_word' id='word_1_8' title='bbox 497 277 803 365; x_wconf 76' lang='grc' dir='ltr'><strong><em>ἐπιστρατευόντων</em></strong></span> <span class='ocrx_word' id='word_1_9' title='bbox 830 291 984 366; x_wconf 80' lang='grc' dir='ltr'><strong><em>κρατοῖεν</em></strong></span> <span class='ocrx_word' id='word_1_10' title='bbox 1017 277 1074 344; x_wconf 83' lang='grc' dir='ltr'><strong><em>καὶ</em></strong></span> <span class='ocrx_word' id='word_1_11' title='bbox 1107 279 1164 346; x_wconf 79' lang='grc' dir='ltr'><strong><em>ἐπ·</em></strong></span> 
     </span>
     <span class='ocr_line' id='line_1_3' title="bbox 149 380 1165 473; baseline -0.006 -17"><span class='ocrx_word' id='word_1_12' title='bbox 149 388 255 467; x_wconf 90' lang='grc' dir='ltr'><strong><em>ιόυτες</em></strong></span> <span class='ocrx_word' id='word_1_13' title='bbox 282 382 512 454; x_wconf 90' lang='grc' dir='ltr'><strong><em>ἀνυπόστατοί</em></strong></span> <span class='ocrx_word' id='word_1_14' title='bbox 544 411 631 464; x_wconf 90' lang='grc' dir='ltr'><strong><em>τινες</em></strong></span> <span class='ocrx_word' id='word_1_15' title='bbox 663 383 798 473; x_wconf 89' lang='grc' dir='ltr'><strong><em>σφόδρα</em></strong></span> <span class='ocrx_word' id='word_1_16' title='bbox 834 384 890 452; x_wconf 74' lang='grc' dir='ltr'><strong><em>καί</em></strong></span> <span class='ocrx_word' id='word_1_17' title='bbox 927 380 1048 470; x_wconf 84' lang='grc' dir='ltr'><strong><em>ἀμαχοι</em></strong></span> <span class='ocrx_word' id='word_1_18' title='bbox 1086 391 1165 470; x_wconf 88' lang='grc' dir='ltr'><strong><em>φαί-</em></strong></span> 
     </span>
     <span class='ocr_line' id='line_1_4' title="bbox 148 485 1165 581; baseline -0.005 -19"><span class='ocrx_word' id='word_1_19' title='bbox 148 519 272 562; x_wconf 92' lang='grc' dir='ltr'><strong><em>νοιντο.</em></strong></span> <span class='ocrx_word' id='word_1_20' title='bbox 314 496 345 560; x_wconf 87' lang='grc' dir='ltr'><strong><em>εί</em></strong></span> <span class='ocrx_word' id='word_1_21' title='bbox 372 489 409 558; x_wconf 74' lang='grc' dir='ltr'><strong><em>δὲ</em></strong></span> <span class='ocrx_word' id='word_1_22' title='bbox 437 489 569 560; x_wconf 80' lang='grc' dir='ltr'><strong><em>ἀπιστεῖ</em></strong></span> <span class='ocrx_word' id='word_1_23' title='bbox 584 517 634 571; x_wconf 89' lang='grc' dir='ltr'><strong><em>τις</em></strong></span> <span class='ocrx_word' id='word_1_24' title='bbox 662 485 756 579; x_wconf 84' lang='grc' dir='ltr'><strong><em>ὑμῶν</em></strong></span> <span class='ocrx_word' id='word_1_25' title='bbox 778 489 932 581; x_wconf 77' lang='grc' dir='ltr'><strong><em>τῷλόγῳ</em></strong></span> <span class='ocrx_word' id='word_1_26' title='bbox 960 491 1057 581; x_wconf 76' lang='grc' dir='ltr'><strong><em>τῶδε,</em></strong></span> <span class='ocrx_word' id='word_1_27' title='bbox 1075 488 1165 576; x_wconf 87' lang='grc' dir='ltr'><strong><em>μάλα</em></strong></span> 
     </span>
     <span class='ocr_line' id='line_1_5' title="bbox 149 590 1165 688; baseline -0.004 -20"><span class='ocrx_word' id='word_1_28' title='bbox 149 601 311 688; x_wconf 91' lang='grc' dir='ltr'><strong><em>ἐμφανῶν</em></strong></span> <span class='ocrx_word' id='word_1_29' title='bbox 338 596 517 687; x_wconf 91' lang='grc' dir='ltr'><strong><em>μαρτύρων</em></strong></span> <span class='ocrx_word' id='word_1_30' title='bbox 545 593 608 665; x_wconf 91' lang='grc' dir='ltr'><strong><em>οῦκ</em></strong></span> <span class='ocrx_word' id='word_1_31' title='bbox 635 593 857 686; x_wconf 80' lang='grc' dir='ltr'><strong><em>ἀπορήσομεν,</em></strong></span> <span class='ocrx_word' id='word_1_32' title='bbox 882 591 1049 683; x_wconf 86' lang='grc' dir='ltr'><strong><em>Ἑλλήνων</em></strong></span> <span class='ocrx_word' id='word_1_33' title='bbox 1076 590 1165 683; x_wconf 89' lang='grc' dir='ltr'><strong><em>ὁμοῦ</em></strong></span> 
     </span>
     <span class='ocr_line' id='line_1_6' title="bbox 148 700 1194 795; baseline -0.002 -21"><span class='ocrx_word' id='word_1_34' title='bbox 148 707 205 775; x_wconf 79' lang='grc' dir='ltr'><strong><em>καὶ</em></strong></span> <span class='ocrx_word' id='word_1_35' title='bbox 237 704 434 795; x_wconf 83' lang='grc' dir='ltr'><strong><em>βαρβάρων,</em></strong></span> <span class='ocrx_word' id='word_1_36' title='bbox 467 709 503 772; x_wconf 77' lang='grc' dir='ltr'><strong><em>οἳ</em></strong></span> <span class='ocrx_word' id='word_1_37' title='bbox 531 703 637 790; x_wconf 86' lang='grc' dir='ltr'><strong><em>μάχας</em></strong></span> <span class='ocrx_word' id='word_1_38' title='bbox 672 700 796 782; x_wconf 85' lang='grc' dir='ltr'><strong><em>πολλάς</em></strong></span> <span class='ocrx_word' id='word_1_39' title='bbox 827 703 883 770; x_wconf 80' lang='grc' dir='ltr'><strong><em>καὶ</em></strong></span> <span class='ocrx_word' id='word_1_40' title='bbox 917 700 1054 791; x_wconf 86' lang='grc' dir='ltr'><strong><em>ίσχυράς</em></strong></span> <span class='ocrx_word' id='word_1_41' title='bbox 1086 708 1194 772; x_wconf 82' lang='grc' dir='ltr'><strong><em>λίανε</em></strong></span> 
     </span>
     <span class='ocr_line' id='line_1_7' title="bbox 149 807 1167 899; baseline -0.003 -19"><span class='ocrx_word' id='word_1_42' title='bbox 149 809 371 899; x_wconf 84' lang='grc' dir='ltr'><strong><em>μαχεσάμενοι</em></strong></span> <span class='ocrx_word' id='word_1_43' title='bbox 402 811 459 879; x_wconf 76' lang='grc' dir='ltr'><strong><em>καὶ</em></strong></span> <span class='ocrx_word' id='word_1_44' title='bbox 489 808 700 896; x_wconf 81' lang='grc' dir='ltr'><strong><em>νενικηκότες</em></strong></span> <span class='ocrx_word' id='word_1_45' title='bbox 731 815 817 897; x_wconf 85' lang='grc' dir='ltr'><strong><em>έθνη</em></strong></span> <span class='ocrx_word' id='word_1_46' title='bbox 850 807 912 897; x_wconf 79' lang='grc' dir='ltr'><strong><em>μέν</em></strong></span> <span class='ocrx_word' id='word_1_47' title='bbox 939 810 1081 877; x_wconf 75' lang='grc' dir='ltr'><strong><em>ἐκτῶντο</em></strong></span> <span class='ocrx_word' id='word_1_48' title='bbox 1109 809 1167 877; x_wconf 82' lang='grc' dir='ltr'><strong><em>καὶ</em></strong></span> 
     </span>
     <span class='ocr_line' id='line_1_8' title="bbox 110 913 1167 1008; baseline -0.003 -21"><span class='ocrx_word' id='word_1_49' title='bbox 110 914 265 998; x_wconf 77' lang='grc' dir='ltr'><strong><em>Οαύτοϊς</em></strong></span> <span class='ocrx_word' id='word_1_50' title='bbox 297 916 427 1008; x_wconf 89' lang='grc' dir='ltr'><strong><em>φόρους</em></strong></span> <span class='ocrx_word' id='word_1_51' title='bbox 458 913 599 1002; x_wconf 88' lang='grc' dir='ltr'><strong><em>ἀπάγειν</em></strong></span> <span class='ocrx_word' id='word_1_52' title='bbox 626 915 890 1003; x_wconf 80' lang='grc' dir='ltr'><strong><em>κατηνάγκαζον,</em></strong></span> <span class='ocrx_word' id='word_1_53' title='bbox 918 914 1101 983; x_wconf 74' lang='grc' dir='ltr'><strong><em>ἐδούλευον</em></strong></span> <span class='ocrx_word' id='word_1_54' title='bbox 1128 915 1167 984; x_wconf 78' lang='grc' dir='ltr'><strong><em>δέ</em></strong></span> 
     </span>
     <span class='ocr_line' id='line_1_9' title="bbox 151 1017 1168 1111; baseline -0.002 -19"><span class='ocrx_word' id='word_1_55' title='bbox 151 1033 281 1111; x_wconf 86' lang='grc' dir='ltr'><strong><em>αίσχιον</em></strong></span> <span class='ocrx_word' id='word_1_56' title='bbox 310 1026 448 1092; x_wconf 80' lang='grc' dir='ltr'><strong><em>ἐκείνων</em></strong></span> <span class='ocrx_word' id='word_1_57' title='bbox 475 1019 583 1111; x_wconf 79' lang='grc' dir='ltr'><strong><em>ἡδονή</em></strong></span> <span class='ocrx_word' id='word_1_58' title='bbox 611 1023 667 1090; x_wconf 77' lang='grc' dir='ltr'><strong><em>καὶ</em></strong></span> <span class='ocrx_word' id='word_1_59' title='bbox 694 1024 806 1111; x_wconf 82' lang='grc' dir='ltr'><strong><em>τρυφή</em></strong></span> <span class='ocrx_word' id='word_1_60' title='bbox 837 1022 893 1090; x_wconf 78' lang='grc' dir='ltr'><strong><em>καὶ</em></strong></span> <span class='ocrx_word' id='word_1_61' title='bbox 920 1017 1082 1111; x_wconf 80' lang='grc' dir='ltr'><strong><em>ἀκολασίᾳ</em></strong></span> <span class='ocrx_word' id='word_1_62' title='bbox 1109 1023 1168 1090; x_wconf 83' lang='grc' dir='ltr'><strong><em>καὶ</em></strong></span> 
     </span>
     <span class='ocr_line' id='line_1_10' title="bbox 150 1122 1167 1221; baseline -0.003 -22"><span class='ocrx_word' id='word_1_63' title='bbox 150 1127 247 1221; x_wconf 83' lang='grc' dir='ltr'><strong><em>ῦβρει</em></strong></span> <span class='ocrx_word' id='word_1_64' title='bbox 265 1130 320 1199; x_wconf 79' lang='grc' dir='ltr'><strong><em>καὶ</em></strong></span> <span class='ocrx_word' id='word_1_65' title='bbox 339 1126 461 1219; x_wconf 84' lang='grc' dir='ltr'><strong><em>ἀδικίᾳ.</em></strong></span> <span class='ocrx_word' id='word_1_66' title='bbox 501 1127 644 1207; x_wconf 83' lang='grc' dir='ltr'><strong><em>τούτους</em></strong></span> <span class='ocrx_word' id='word_1_67' title='bbox 663 1127 699 1196; x_wconf 80' lang='grc' dir='ltr'><strong><em>δέ</em></strong></span> <span class='ocrx_word' id='word_1_68' title='bbox 727 1123 808 1196; x_wconf 80' lang='grc' dir='ltr'><strong><em>ούδέ</em></strong></span> <span class='ocrx_word' id='word_1_69' title='bbox 837 1125 996 1217; x_wconf 78' lang='grc' dir='ltr'><strong><em>ἰσχυροὺς</em></strong></span> <span class='ocrx_word' id='word_1_70' title='bbox 1019 1122 1061 1195; x_wconf 89' lang='grc' dir='ltr'><strong><em>ἀν</em></strong></span> <span class='ocrx_word' id='word_1_71' title='bbox 1081 1133 1167 1215; x_wconf 84' lang='grc' dir='ltr'><strong><em>φαίη</em></strong></span> 
     </span>
     <span class='ocr_line' id='line_1_11' title="bbox 151 1232 1209 1323; baseline -0.003 -18"><span class='ocrx_word' id='word_1_72' title='bbox 151 1239 238 1305; x_wconf 83' lang='grc' dir='ltr'><strong><em>νοῦν</em></strong></span> <span class='ocrx_word' id='word_1_73' title='bbox 266 1242 351 1322; x_wconf 85' lang='grc' dir='ltr'><strong><em>έχων</em></strong></span> <span class='ocrx_word' id='word_1_74' title='bbox 383 1232 484 1323; x_wconf 89' lang='grc' dir='ltr'><strong><em>ἀνήρ,</em></strong></span> <span class='ocrx_word' id='word_1_75' title='bbox 517 1239 548 1301; x_wconf 87' lang='grc' dir='ltr'><strong><em>εί</em></strong></span> <span class='ocrx_word' id='word_1_76' title='bbox 573 1235 629 1302; x_wconf 79' lang='grc' dir='ltr'><strong><em>καὶ</em></strong></span> <span class='ocrx_word' id='word_1_77' title='bbox 662 1235 873 1320; x_wconf 81' lang='grc' dir='ltr'><strong><em>ἐπιφαίνοιτο</em></strong></span> <span class='ocrx_word' id='word_1_78' title='bbox 906 1235 962 1302; x_wconf 79' lang='grc' dir='ltr'><strong><em>καὶ</em></strong></span> <span class='ocrx_word' id='word_1_79' title='bbox 989 1233 1168 1322; x_wconf 92' lang='grc' dir='ltr'><strong><em>ἐπιλάμποι</em></strong></span> <span class='ocrx_word' id='word_1_80' title='bbox 1183 1263 1209 1302; x_wconf 85' lang='grc' dir='ltr'><strong><em>ιο</em></strong></span> 
     </span>
     <span class='ocr_line' id='line_1_12' title="bbox 150 1335 1167 1429; baseline -0.002 -19"><span class='ocrx_word' id='word_1_81' title='bbox 150 1344 293 1429; x_wconf 86' lang='grc' dir='ltr'><strong><em>μέγεθος</em></strong></span> <span class='ocrx_word' id='word_1_82' title='bbox 318 1354 389 1419; x_wconf 82' lang='grc' dir='ltr'><strong><em>τοῖς</em></strong></span> <span class='ocrx_word' id='word_1_83' title='bbox 407 1344 525 1429; x_wconf 78' lang='grc' dir='ltr'><strong><em>ἔργοις.</em></strong></span> <span class='ocrx_word' id='word_1_84' title='bbox 567 1337 670 1426; x_wconf 83' lang='grc' dir='ltr'><strong><em>μόνος</em></strong></span> <span class='ocrx_word' id='word_1_85' title='bbox 688 1339 752 1428; x_wconf 89' lang='grc' dir='ltr'><strong><em>γάρ</em></strong></span> <span class='ocrx_word' id='word_1_86' title='bbox 771 1341 840 1407; x_wconf 82' lang='grc' dir='ltr'><strong><em>ἐστι</em></strong></span> <span class='ocrx_word' id='word_1_87' title='bbox 867 1342 1020 1420; x_wconf 90' lang='grc' dir='ltr'><strong><em>τοιοῦτος</em></strong></span> <span class='ocrx_word' id='word_1_88' title='bbox 1047 1335 1167 1427; x_wconf 85' lang='grc' dir='ltr'><strong><em>δμετά</em></strong></span> 
     </span>
     <span class='ocr_line' id='line_1_13' title="bbox 151 1441 1166 1536; baseline -0.001 -21"><span class='ocrx_word' id='word_1_89' title='bbox 151 1444 269 1535; x_wconf 87' lang='grc' dir='ltr'><strong><em>ἀρετής</em></strong></span> <span class='ocrx_word' id='word_1_90' title='bbox 297 1441 453 1534; x_wconf 76' lang='grc' dir='ltr'><strong><em>ἀνδρεῖος</em></strong></span> <span class='ocrx_word' id='word_1_91' title='bbox 475 1445 532 1516; x_wconf 78' lang='grc' dir='ltr'><strong><em>καὶ</em></strong></span> <span class='ocrx_word' id='word_1_92' title='bbox 550 1444 783 1536; x_wconf 87' lang='grc' dir='ltr'><strong><em>μεγαλόφρων·</em></strong></span> <span class='ocrx_word' id='word_1_93' title='bbox 812 1443 903 1526; x_wconf 82' lang='grc' dir='ltr'><strong><em>ὅστις</em></strong></span> <span class='ocrx_word' id='word_1_94' title='bbox 922 1444 959 1514; x_wconf 83' lang='grc' dir='ltr'><strong><em>δέ</em></strong></span> <span class='ocrx_word' id='word_1_95' title='bbox 976 1442 1086 1532; x_wconf 85' lang='grc' dir='ltr'><strong><em>ἡττων</em></strong></span> <span class='ocrx_word' id='word_1_96' title='bbox 1104 1445 1166 1534; x_wconf 74' lang='grc' dir='ltr'><strong><em>μὲν</em></strong></span> 
     </span>
     <span class='ocr_line' id='line_1_14' title="bbox 150 1547 1167 1641; baseline -0.001 -20"><span class='ocrx_word' id='word_1_97' title='bbox 150 1548 296 1640; x_wconf 90' lang='grc' dir='ltr'><strong><em>ἡδονῶν,</em></strong></span> <span class='ocrx_word' id='word_1_98' title='bbox 311 1548 464 1640; x_wconf 77' lang='grc' dir='ltr'><strong><em>ἀκράτωρ</em></strong></span> <span class='ocrx_word' id='word_1_99' title='bbox 480 1550 517 1620; x_wconf 76' lang='grc' dir='ltr'><strong><em>δέ</em></strong></span> <span class='ocrx_word' id='word_1_100' title='bbox 531 1547 632 1641; x_wconf 86' lang='grc' dir='ltr'><strong><em>ὀργὴς</em></strong></span> <span class='ocrx_word' id='word_1_101' title='bbox 646 1552 702 1620; x_wconf 78' lang='grc' dir='ltr'><strong><em>καὶ</em></strong></span> <span class='ocrx_word' id='word_1_102' title='bbox 717 1553 906 1640; x_wconf 72' lang='grc' dir='ltr'><strong><em>ἐπιθυμιῶν</em></strong></span> <span class='ocrx_word' id='word_1_103' title='bbox 915 1557 1096 1638; x_wconf 87' lang='grc' dir='ltr'><strong><em>παντοίων,</em></strong></span> <span class='ocrx_word' id='word_1_104' title='bbox 1110 1553 1167 1621; x_wconf 82' lang='grc' dir='ltr'><strong><em>καὶ</em></strong></span> 
     </span>
     <span class='ocr_line' id='line_1_15' title="bbox 150 1648 1167 1748; baseline -0.002 -21"><span class='ocrx_word' id='word_1_105' title='bbox 150 1653 218 1728; x_wconf 85' lang='grc' dir='ltr'><strong><em>ῦπδ</em></strong></span> <span class='ocrx_word' id='word_1_106' title='bbox 255 1660 406 1747; x_wconf 88' lang='grc' dir='ltr'><strong><em>σμικρῶν</em></strong></span> <span class='ocrx_word' id='word_1_107' title='bbox 439 1654 661 1748; x_wconf 72' lang='grc' dir='ltr'><strong><em>ἀπαγορεύειν</em></strong></span> <span class='ocrx_word' id='word_1_108' title='bbox 692 1654 973 1747; x_wconf 84' lang='grc' dir='ltr'><strong><em>ἀναγκαζόμενος,</em></strong></span> <span class='ocrx_word' id='word_1_109' title='bbox 1003 1648 1102 1740; x_wconf 80' lang='grc' dir='ltr'><strong><em>οὗτος</em></strong></span> <span class='ocrx_word' id='word_1_110' title='bbox 1128 1657 1167 1726; x_wconf 79' lang='grc' dir='ltr'><strong><em>δέ</em></strong></span> 
     </span>
     <span class='ocr_line' id='line_1_16' title="bbox 106 1760 1207 1854; baseline -0.002 -19"><span class='ocrx_word' id='word_1_111' title='bbox 106 1760 232 1836; x_wconf 78' lang='grc' dir='ltr'><strong><em>Βούδέ</em></strong></span> <span class='ocrx_word' id='word_1_112' title='bbox 261 1762 398 1854; x_wconf 80' lang='grc' dir='ltr'><strong><em>ἰσχυρὸς</em></strong></span> <span class='ocrx_word' id='word_1_113' title='bbox 425 1760 505 1833; x_wconf 75' lang='grc' dir='ltr'><strong><em>οῦδὲ</em></strong></span> <span class='ocrx_word' id='word_1_114' title='bbox 524 1761 679 1850; x_wconf 86' lang='grc' dir='ltr'><strong><em>ἀνδρεῖος</em></strong></span> <span class='ocrx_word' id='word_1_115' title='bbox 706 1761 928 1854; x_wconf 75' lang='grc' dir='ltr'><strong><em>ἀνθρωπίνην</em></strong></span> <span class='ocrx_word' id='word_1_116' title='bbox 958 1763 1068 1851; x_wconf 84' lang='grc' dir='ltr'><strong><em>ἐσχύν·</em></strong></span> <span class='ocrx_word' id='word_1_117' title='bbox 1096 1767 1166 1832; x_wconf 90' lang='grc' dir='ltr'><strong><em>ἐπι-</em></strong></span> <span class='ocrx_word' id='word_1_118' title='bbox 1182 1791 1207 1834; x_wconf 83' lang='grc' dir='ltr'><strong><em>ιτ</em></strong></span> 
     </span>
     <span class='ocr_line' id='line_1_17' title="bbox 150 1865 1168 1962; baseline 0 -24"><span class='ocrx_word' id='word_1_119' title='bbox 150 1872 308 1961; x_wconf 85' lang='grc' dir='ltr'><strong><em>τρεπτέον</em></strong></span> <span class='ocrx_word' id='word_1_120' title='bbox 341 1870 379 1939; x_wconf 77' lang='grc' dir='ltr'><strong><em>δέ</em></strong></span> <span class='ocrx_word' id='word_1_121' title='bbox 407 1880 487 1951; x_wconf 86' lang='grc' dir='ltr'><strong><em>ίσως</em></strong></span> <span class='ocrx_word' id='word_1_122' title='bbox 518 1867 611 1962; x_wconf 78' lang='grc' dir='ltr'><strong><em>αῦτςῦ</em></strong></span> <span class='ocrx_word' id='word_1_123' title='bbox 642 1869 725 1940; x_wconf 82' lang='grc' dir='ltr'><strong><em>κατὰ</em></strong></span> <span class='ocrx_word' id='word_1_124' title='bbox 756 1867 836 1951; x_wconf 88' lang='grc' dir='ltr'><strong><em>τοῦς</em></strong></span> <span class='ocrx_word' id='word_1_125' title='bbox 866 1869 1012 1960; x_wconf 88' lang='grc' dir='ltr'><strong><em>ταύρους</em></strong></span> <span class='ocrx_word' id='word_1_126' title='bbox 1038 1865 1059 1957; x_wconf 82' lang='grc' dir='ltr'><strong><em>ἡ</em></strong></span> <span class='ocrx_word' id='word_1_127' title='bbox 1088 1868 1168 1951; x_wconf 88' lang='grc' dir='ltr'><strong><em>τοῦς</em></strong></span> 
     </span>
     <span class='ocr_line' id='line_1_18' title="bbox 150 1973 1167 2067; baseline -0.001 -22"><span class='ocrx_word' id='word_1_128' title='bbox 150 1979 286 2060; x_wconf 87' lang='grc' dir='ltr'><strong><em>λέοντας</em></strong></span> <span class='ocrx_word' id='word_1_129' title='bbox 314 1973 335 2065; x_wconf 84' lang='grc' dir='ltr'><strong><em>ἡ</em></strong></span> <span class='ocrx_word' id='word_1_130' title='bbox 367 1976 427 2058; x_wconf 90' lang='grc' dir='ltr'><strong><em>τάς</em></strong></span> <span class='ocrx_word' id='word_1_131' title='bbox 453 1976 634 2067; x_wconf 89' lang='grc' dir='ltr'><strong><em>παρδάλεις</em></strong></span> <span class='ocrx_word' id='word_1_132' title='bbox 660 1979 700 2064; x_wconf 83' lang='grc' dir='ltr'><strong><em>πή</em></strong></span> <span class='ocrx_word' id='word_1_133' title='bbox 728 1976 822 2065; x_wconf 77' lang='grc' dir='ltr'><strong><em>ρῶμη</em></strong></span> <span class='ocrx_word' id='word_1_134' title='bbox 850 1976 1037 2064; x_wconf 79' lang='grc' dir='ltr'><strong><em>γάνυσθαι,</em></strong></span> <span class='ocrx_word' id='word_1_135' title='bbox 1066 1981 1097 2044; x_wconf 91' lang='grc' dir='ltr'><strong><em>εί</em></strong></span> <span class='ocrx_word' id='word_1_136' title='bbox 1122 1975 1167 2065; x_wconf 85' lang='grc' dir='ltr'><strong><em>μή</em></strong></span> 
     </span>
     <span class='ocr_line' id='line_1_19' title="bbox 150 2079 1169 2173; baseline -0.002 -21"><span class='ocrx_word' id='word_1_137' title='bbox 150 2087 207 2152; x_wconf 79' lang='grc' dir='ltr'><strong><em>καὶ</em></strong></span> <span class='ocrx_word' id='word_1_138' title='bbox 234 2084 360 2172; x_wconf 93' lang='grc' dir='ltr'><strong><em>ταύτην</em></strong></span> <span class='ocrx_word' id='word_1_139' title='bbox 388 2080 569 2172; x_wconf 79' lang='grc' dir='ltr'><strong><em>ἀποβολῶν</em></strong></span> <span class='ocrx_word' id='word_1_140' title='bbox 587 2082 739 2173; x_wconf 87' lang='grc' dir='ltr'><strong><em>καθάπερ</em></strong></span> <span class='ocrx_word' id='word_1_141' title='bbox 760 2087 796 2152; x_wconf 90' lang='grc' dir='ltr'><strong><em>οί</em></strong></span> <span class='ocrx_word' id='word_1_142' title='bbox 816 2085 964 2170; x_wconf 77' lang='grc' dir='ltr'><strong><em>κηφῆνες</em></strong></span> <span class='ocrx_word' id='word_1_143' title='bbox 982 2079 1169 2172; x_wconf 76' lang='grc' dir='ltr'><strong><em>ἀλλοτρίοις</em></strong></span> 
     </span>
     <span class='ocr_line' id='line_1_20' title="bbox 153 2185 1167 2278; baseline -0.001 -21"><span class='ocrx_word' id='word_1_144' title='bbox 153 2191 312 2278; x_wconf 84' lang='grc' dir='ltr'><strong><em>ἐφέστηκε</em></strong></span> <span class='ocrx_word' id='word_1_145' title='bbox 343 2190 476 2274; x_wconf 89' lang='grc' dir='ltr'><strong><em>πόνοις,</em></strong></span> <span class='ocrx_word' id='word_1_146' title='bbox 508 2185 609 2269; x_wconf 81' lang='grc' dir='ltr'><strong><em>αὐτὸς</em></strong></span> <span class='ocrx_word' id='word_1_147' title='bbox 643 2185 691 2256; x_wconf 87' lang='grc' dir='ltr'><strong><em>ῶν</em></strong></span> <span class='ocrx_word' id='word_1_148' title='bbox 723 2187 895 2276; x_wconf 89' lang='grc' dir='ltr'><strong><em>μαλθακός</em></strong></span> <span class='ocrx_word' id='word_1_149' title='bbox 923 2187 1083 2277; x_wconf 84' lang='grc' dir='ltr'><strong><em>αίχμητὴς</em></strong></span> <span class='ocrx_word' id='word_1_150' title='bbox 1110 2191 1167 2258; x_wconf 84' lang='grc' dir='ltr'><strong><em>καὶ</em></strong></span> 
     </span>
     <span class='ocr_line' id='line_1_21' title="bbox 153 2291 1206 2382; baseline -0.002 -19"><span class='ocrx_word' id='word_1_151' title='bbox 153 2293 262 2374; x_wconf 87' lang='grc' dir='ltr'><strong><em>δειλὸς</em></strong></span> <span class='ocrx_word' id='word_1_152' title='bbox 298 2295 353 2363; x_wconf 80' lang='grc' dir='ltr'><strong><em>καὶ</em></strong></span> <span class='ocrx_word' id='word_1_153' title='bbox 390 2291 580 2373; x_wconf 88' lang='grc' dir='ltr'><strong><em>ἀκόλαστος.</em></strong></span> <span class='ocrx_word' id='word_1_154' title='bbox 624 2296 775 2376; x_wconf 90' lang='grc' dir='ltr'><strong><em>τοιοῦτος</em></strong></span> <span class='ocrx_word' id='word_1_155' title='bbox 817 2295 854 2363; x_wconf 72' lang='grc' dir='ltr'><strong><em>δέ</em></strong></span> <span class='ocrx_word' id='word_1_156' title='bbox 892 2291 940 2363; x_wconf 89' lang='grc' dir='ltr'><strong><em>ῶν</em></strong></span> <span class='ocrx_word' id='word_1_157' title='bbox 978 2291 1020 2363; x_wconf 93' lang='grc' dir='ltr'><strong><em>οῦ</em></strong></span> <span class='ocrx_word' id='word_1_158' title='bbox 1061 2295 1168 2382; x_wconf 89' lang='grc' dir='ltr'><strong><em>μόνον</em></strong></span> <span class='ocrx_word' id='word_1_159' title='bbox 1182 2322 1206 2362; x_wconf 82' lang='grc' dir='ltr'><strong><em>ιο</em></strong></span> 
     </span>
     <span class='ocr_line' id='line_1_22' title="bbox 152 2397 1169 2489; baseline 0.003 -22"><span class='ocrx_word' id='word_1_160' title='bbox 152 2397 304 2486; x_wconf 85' lang='grc' dir='ltr'><strong><em>ἀληθοῦς</em></strong></span> <span class='ocrx_word' id='word_1_161' title='bbox 335 2397 450 2486; x_wconf 82' lang='grc' dir='ltr'><strong><em>ἐνδεὴς</em></strong></span> <span class='ocrx_word' id='word_1_162' title='bbox 482 2398 629 2468; x_wconf 90' lang='grc' dir='ltr'><strong><em>πλούτου</em></strong></span> <span class='ocrx_word' id='word_1_163' title='bbox 657 2403 879 2489; x_wconf 79' lang='grc' dir='ltr'><strong><em>καθέστηκεν,</em></strong></span> <span class='ocrx_word' id='word_1_164' title='bbox 912 2398 995 2470; x_wconf 82' lang='grc' dir='ltr'><strong><em>ἀλλά</em></strong></span> <span class='ocrx_word' id='word_1_165' title='bbox 1022 2402 1079 2469; x_wconf 80' lang='grc' dir='ltr'><strong><em>καὶ</em></strong></span> <span class='ocrx_word' id='word_1_166' title='bbox 1106 2405 1169 2470; x_wconf 93' lang='grc' dir='ltr'><strong><em>τοῦ</em></strong></span> 
     </span>
     <span class='ocr_line' id='line_1_23' title="bbox 152 2499 1168 2595; baseline 0.002 -22"><span class='ocrx_word' id='word_1_167' title='bbox 152 2504 377 2592; x_wconf 78' lang='grc' dir='ltr'><strong><em>πολυτιμήτου</em></strong></span> <span class='ocrx_word' id='word_1_168' title='bbox 396 2505 452 2573; x_wconf 84' lang='grc' dir='ltr'><strong><em>καὶ</em></strong></span> <span class='ocrx_word' id='word_1_169' title='bbox 471 2507 597 2592; x_wconf 91' lang='grc' dir='ltr'><strong><em>σεμνοῦ</em></strong></span> <span class='ocrx_word' id='word_1_170' title='bbox 623 2508 679 2574; x_wconf 79' lang='grc' dir='ltr'><strong><em>καὶ</em></strong></span> <span class='ocrx_word' id='word_1_171' title='bbox 703 2503 886 2595; x_wconf 83' lang='grc' dir='ltr'><strong><em>ἀγαπητοῦ,</em></strong></span> <span class='ocrx_word' id='word_1_172' title='bbox 915 2509 948 2588; x_wconf 83' lang='grc' dir='ltr'><strong><em>ἐξ</em></strong></span> <span class='ocrx_word' id='word_1_173' title='bbox 976 2499 1019 2575; x_wconf 88' lang='grc' dir='ltr'><strong><em>ού</em></strong></span> <span class='ocrx_word' id='word_1_174' title='bbox 1045 2533 1168 2576; x_wconf 89' lang='grc' dir='ltr'><strong><em>παντο-</em></strong></span> 
     </span>
     <span class='ocr_line' id='line_1_24' title="bbox 153 2611 1168 2702; baseline 0.002 -22"><span class='ocrx_word' id='word_1_175' title='bbox 153 2612 257 2680; x_wconf 82' lang='grc' dir='ltr'><strong><em>δαπαὶ</em></strong></span> <span class='ocrx_word' id='word_1_176' title='bbox 284 2611 485 2701; x_wconf 88' lang='grc' dir='ltr'><strong><em>κρεμάμεναι</em></strong></span> <span class='ocrx_word' id='word_1_177' title='bbox 512 2613 617 2699; x_wconf 81' lang='grc' dir='ltr'><strong><em>ψυχαὶ</em></strong></span> <span class='ocrx_word' id='word_1_178' title='bbox 643 2611 820 2702; x_wconf 89' lang='grc' dir='ltr'><strong><em>πράγματα</em></strong></span> <span class='ocrx_word' id='word_1_179' title='bbox 839 2617 953 2701; x_wconf 83' lang='grc' dir='ltr'><strong><em>έχουσι</em></strong></span> <span class='ocrx_word' id='word_1_180' title='bbox 980 2619 1084 2702; x_wconf 91' lang='grc' dir='ltr'><strong><em>μυρία</em></strong></span> <span class='ocrx_word' id='word_1_181' title='bbox 1112 2616 1168 2682; x_wconf 82' lang='grc' dir='ltr'><strong><em>καὶ</em></strong></span> 
     </span>
     <span class='ocr_line' id='line_1_25' title="bbox 99 2714 1168 2809; baseline -0.001 -20"><span class='ocrx_word' id='word_1_182' title='bbox 99 2739 133 2789; x_wconf 86' lang='lat'><strong><em>85</em></strong></span> <span class='ocrx_word' id='word_1_183' title='bbox 152 2716 294 2804; x_wconf 89' lang='grc' dir='ltr'><strong><em>πόνους,</em></strong></span> <span class='ocrx_word' id='word_1_184' title='bbox 329 2720 392 2787; x_wconf 90' lang='grc' dir='ltr'><strong><em>τοῦ</em></strong></span> <span class='ocrx_word' id='word_1_185' title='bbox 423 2715 503 2787; x_wconf 87' lang='grc' dir='ltr'><strong><em>καθ’</em></strong></span> <span class='ocrx_word' id='word_1_186' title='bbox 537 2714 665 2809; x_wconf 89' lang='grc' dir='ltr'><strong><em>ἡμέραν</em></strong></span> <span class='ocrx_word' id='word_1_187' title='bbox 701 2722 843 2809; x_wconf 84' lang='grc' dir='ltr'><strong><em>κέρδους</em></strong></span> <span class='ocrx_word' id='word_1_188' title='bbox 876 2721 973 2788; x_wconf 80' lang='grc' dir='ltr'><strong><em>ἕνεκα</em></strong></span> <span class='ocrx_word' id='word_1_189' title='bbox 1004 2728 1102 2789; x_wconf 74' lang='grc' dir='ltr'><strong><em>πλεῖν</em></strong></span> <span class='ocrx_word' id='word_1_190' title='bbox 1133 2747 1168 2788; x_wconf 92' lang='grc' dir='ltr'><strong><em>τε</em></strong></span> 
     </span>
     <span class='ocr_line' id='line_1_26' title="bbox 152 2819 1207 2915; baseline 0 -23"><span class='ocrx_word' id='word_1_191' title='bbox 152 2819 383 2910; x_wconf 77' lang='grc' dir='ltr'><strong><em>ὑπομένουσαι</em></strong></span> <span class='ocrx_word' id='word_1_192' title='bbox 411 2826 467 2893; x_wconf 82' lang='grc' dir='ltr'><strong><em>καὶ</em></strong></span> <span class='ocrx_word' id='word_1_193' title='bbox 494 2824 696 2912; x_wconf 91' lang='grc' dir='ltr'><strong><em>καπηλεύειν</em></strong></span> <span class='ocrx_word' id='word_1_194' title='bbox 716 2826 771 2893; x_wconf 81' lang='grc' dir='ltr'><strong><em>καὶ</em></strong></span> <span class='ocrx_word' id='word_1_195' title='bbox 789 2824 963 2914; x_wconf 88' lang='grc' dir='ltr'><strong><em>ληστεύειν</em></strong></span> <span class='ocrx_word' id='word_1_196' title='bbox 990 2826 1045 2894; x_wconf 73' lang='grc' dir='ltr'><strong><em>καὶ</em></strong></span> <span class='ocrx_word' id='word_1_197' title='bbox 1065 2822 1167 2915; x_wconf 89' lang='grc' dir='ltr'><strong><em>ἀναρ-</em></strong></span> <span class='ocrx_word' id='word_1_198' title='bbox 1181 2850 1207 2892; x_wconf 79' lang='grc' dir='ltr'><strong><em>ιε</em></strong></span> 
     </span>
     <span class='ocr_line' id='line_1_27' title="bbox 151 2927 1168 3021; baseline 0.001 -23"><span class='ocrx_word' id='word_1_199' title='bbox 151 2929 265 3012; x_wconf 90' lang='grc' dir='ltr'><strong><em>πάζειν</em></strong></span> <span class='ocrx_word' id='word_1_200' title='bbox 292 2927 351 3011; x_wconf 89' lang='grc' dir='ltr'><strong><em>τάς</em></strong></span> <span class='ocrx_word' id='word_1_201' title='bbox 376 2936 589 3021; x_wconf 90' lang='grc' dir='ltr'><strong><em>τυραννίδας.</em></strong></span> <span class='ocrx_word' id='word_1_202' title='bbox 627 2934 705 3013; x_wconf 87' lang='grc' dir='ltr'><strong><em>ζῶσι</em></strong></span> <span class='ocrx_word' id='word_1_203' title='bbox 732 2930 796 3021; x_wconf 86' lang='grc' dir='ltr'><strong><em>γάρ</em></strong></span> <span class='ocrx_word' id='word_1_204' title='bbox 825 2929 876 2999; x_wconf 79' lang='grc' dir='ltr'><strong><em>ἀεὶ</em></strong></span> <span class='ocrx_word' id='word_1_205' title='bbox 904 2931 965 3019; x_wconf 69' lang='grc' dir='ltr'><strong><em>μέν</em></strong></span> <span class='ocrx_word' id='word_1_206' title='bbox 992 2930 1168 3020; x_wconf 85' lang='grc' dir='ltr'><strong><em>κτῶμενοι,</em></strong></span> 
     </span>
    </p>
   </div>
   <div class='ocr_carea' id='block_1_3' title="bbox 150 3106 1169 3584">
    <p class='ocr_par' dir='ltr' id='par_1_3' title="bbox 150 3106 1169 3584">
     <span class='ocr_line' id='line_1_28' title="bbox 220 3106 1169 3183; baseline 0.001 -19"><span class='ocrx_word' id='word_1_207' title='bbox 220 3117 235 3164; x_wconf 85' lang='grc'>2</span> <span class='ocrx_word' id='word_1_208' title='bbox 253 3108 368 3179; x_wconf 90' lang='grc' dir='ltr'><strong><em>σφόδρα</em></strong></span> <span class='ocrx_word' id='word_1_209' title='bbox 386 3113 533 3165; x_wconf 82' lang='lat' dir='ltr'>deleverim</span> <span class='ocrx_word' id='word_1_210' title='bbox 604 3117 619 3164; x_wconf 77' lang='lat'><strong>7</strong></span> <span class='ocrx_word' id='word_1_211' title='bbox 637 3107 739 3175; x_wconf 76' lang='grc' dir='ltr'><strong><em>αὐτοῖς</em></strong></span> <span class='ocrx_word' id='word_1_212' title='bbox 756 3115 827 3178; x_wconf 86' lang='lat' dir='ltr'><strong><em>VM,</em></strong></span> <span class='ocrx_word' id='word_1_213' title='bbox 847 3106 954 3175; x_wconf 75' lang='grc' dir='ltr'><strong><em>αὐτοὺς</em></strong></span> <span class='ocrx_word' id='word_1_214' title='bbox 972 3121 992 3166; x_wconf 80' lang='lat' dir='ltr'><strong><em>v&#39;</em></strong></span> <span class='ocrx_word' id='word_1_215' title='bbox 1010 3115 1014 3183; x_wconf 87' lang='grc' dir='ltr'>Ι</span> <span class='ocrx_word' id='word_1_216' title='bbox 1042 3107 1169 3182; x_wconf 82' lang='grc' dir='ltr'><strong><em>ἀπάγειν</em></strong></span> 
     </span>
     <span class='ocr_line' id='line_1_29' title="bbox 151 3177 1169 3249; baseline 0.003 -18"><span class='ocrx_word' id='word_1_217' title='bbox 151 3181 219 3232; x_wconf 84' lang='lat' dir='ltr'>Rsk.</span> <span class='ocrx_word' id='word_1_218' title='bbox 240 3181 321 3248; x_wconf 81' lang='lat' dir='ltr'>etH]</span> <span class='ocrx_word' id='word_1_219' title='bbox 348 3177 487 3233; x_wconf 83' lang='grc' dir='ltr'><strong><em>ἀπαιτεῖν</em></strong></span> <span class='ocrx_word' id='word_1_220' title='bbox 556 3182 588 3231; x_wconf 92' lang='grc'><strong><em>11</em></strong></span> <span class='ocrx_word' id='word_1_221' title='bbox 612 3179 737 3249; x_wconf 82' lang='grc' dir='ltr'><strong><em>μέγεθος</em></strong></span> <span class='ocrx_word' id='word_1_222' title='bbox 754 3180 789 3248; x_wconf 90' lang='lat' dir='ltr'><strong><em>V]</em></strong></span> <span class='ocrx_word' id='word_1_223' title='bbox 813 3177 846 3234; x_wconf 84' lang='grc' dir='ltr'><strong><em>τό</em></strong></span> <span class='ocrx_word' id='word_1_224' title='bbox 862 3177 990 3248; x_wconf 83' lang='grc' dir='ltr'><strong><em>μέγεθος</em></strong></span> <span class='ocrx_word' id='word_1_225' title='bbox 1060 3185 1093 3234; x_wconf 94' lang='grc'><strong><em>12</em></strong></span> <span class='ocrx_word' id='word_1_226' title='bbox 1115 3183 1169 3248; x_wconf 78' lang='grc' dir='ltr'><strong><em>μὲν</em></strong></span> 
     </span>
     <span class='ocr_line' id='line_1_30' title="bbox 153 3239 1169 3318; baseline 0.002 -20"><span class='ocrx_word' id='word_1_227' title='bbox 153 3249 214 3300; x_wconf 80' lang='grc' dir='ltr'><strong><em>αδδ.</em></strong></span> <span class='ocrx_word' id='word_1_228' title='bbox 233 3250 257 3299; x_wconf 88' lang='lat' dir='ltr'>V</span> <span class='ocrx_word' id='word_1_229' title='bbox 305 3255 336 3301; x_wconf 77' lang='lat'><strong><em>13</em></strong></span> <span class='ocrx_word' id='word_1_230' title='bbox 357 3244 466 3301; x_wconf 63' lang='lat' dir='ltr'><strong><em>‘domfiv</em></strong></span> <span class='ocrx_word' id='word_1_231' title='bbox 483 3249 541 3298; x_wconf 90' lang='lat' dir='ltr'><strong><em>VM</em></strong></span> <span class='ocrx_word' id='word_1_232' title='bbox 576 3239 683 3315; x_wconf 83' lang='grc' dir='ltr'><strong><em>ἡδονῆς</em></strong></span> <span class='ocrx_word' id='word_1_233' title='bbox 730 3253 760 3300; x_wconf 78' lang='grc'><strong><em>17</em></strong></span> <span class='ocrx_word' id='word_1_234' title='bbox 779 3247 928 3317; x_wconf 83' lang='grc' dir='ltr'><strong><em>γάνυσθαι</em></strong></span> <span class='ocrx_word' id='word_1_235' title='bbox 946 3248 983 3318; x_wconf 90' lang='grc' dir='ltr'><strong><em>Η]</em></strong></span> <span class='ocrx_word' id='word_1_236' title='bbox 1001 3252 1169 3317; x_wconf 84' lang='grc' dir='ltr'><strong><em>γαννυσθαι</em></strong></span> 
     </span>
     <span class='ocr_line' id='line_1_31' title="bbox 152 3268 1166 3400; baseline 0.003 -34"><span class='ocrx_word' id='word_1_237' title='bbox 152 3319 185 3368; x_wconf 87' lang='grc'><strong><em>18</em></strong></span> <span class='ocrx_word' id='word_1_238' title='bbox 202 3309 310 3382; x_wconf 90' lang='grc' dir='ltr'><strong><em>ταύτην</em></strong></span> <span class='ocrx_word' id='word_1_239' title='bbox 329 3268 366 3382; x_wconf 53' lang='lat' dir='ltr'><strong><em>VT</em></strong></span> <span class='ocrx_word' id='word_1_240' title='bbox 383 3315 495 3382; x_wconf 84' lang='grc' dir='ltr'><strong><em>ταῦταΙ</em></strong></span> <span class='ocrx_word' id='word_1_241' title='bbox 515 3310 543 3368; x_wconf 85' lang='grc' dir='ltr'><strong><em>οί</em></strong></span> <span class='ocrx_word' id='word_1_242' title='bbox 578 3332 640 3368; x_wconf 87' lang='grc' dir='ltr'><strong><em>οιεν</em></strong></span> <span class='ocrx_word' id='word_1_243' title='bbox 659 3316 722 3384; x_wconf 73' lang='grc' dir='ltr'><strong><em>(οἱα)</em></strong></span> <span class='ocrx_word' id='word_1_244' title='bbox 742 3318 766 3367; x_wconf 92' lang='lat' dir='ltr'>V</span> <span class='ocrx_word' id='word_1_245' title='bbox 836 3321 868 3370; x_wconf 79' lang='lat'><strong><em>19</em></strong></span> <span class='ocrx_word' id='word_1_246' title='bbox 885 3312 1016 3400; x_wconf 86' lang='grc' dir='ltr'><strong><em>μαλακός</em></strong></span> <span class='ocrx_word' id='word_1_247' title='bbox 1033 3318 1068 3372; x_wconf 86' lang='lat' dir='ltr'><strong><em>V.</em></strong></span> <span class='ocrx_word' id='word_1_248' title='bbox 1104 3318 1166 3369; x_wconf 88' lang='lat' dir='ltr'>Vid.</span> 
     </span>
     <span class='ocr_line' id='line_1_32' title="bbox 152 3378 1168 3453; baseline 0.003 -22"><span class='ocrx_word' id='word_1_249' title='bbox 152 3382 229 3434; x_wconf 82' lang='lat' dir='ltr'><strong>Iliad.</strong></span> <span class='ocrx_word' id='word_1_250' title='bbox 254 3401 283 3450; x_wconf 89' lang='grc' dir='ltr'><strong><em>ρ,</em></strong></span> <span class='ocrx_word' id='word_1_251' title='bbox 306 3386 357 3436; x_wconf 79' lang='grc'><strong><em>588</em></strong></span> <span class='ocrx_word' id='word_1_252' title='bbox 425 3387 458 3435; x_wconf 86' lang='grc'><strong><em>22</em></strong></span> <span class='ocrx_word' id='word_1_253' title='bbox 480 3379 675 3450; x_wconf 80' lang='grc' dir='ltr'><strong><em>πολυτιμήτου</em></strong></span> <span class='ocrx_word' id='word_1_254' title='bbox 700 3384 733 3448; x_wconf 92' lang='lat' dir='ltr'><strong><em>V]</em></strong></span> <span class='ocrx_word' id='word_1_255' title='bbox 755 3387 945 3453; x_wconf 89' lang='grc' dir='ltr'><strong><em>πολυκμητου</em></strong></span> <span class='ocrx_word' id='word_1_256' title='bbox 1013 3389 1047 3437; x_wconf 82' lang='grc'><strong><em>23</em></strong></span> <span class='ocrx_word' id='word_1_257' title='bbox 1070 3378 1087 3438; x_wconf 82' lang='grc' dir='ltr'><strong><em>ἐ</em></strong></span> <span class='ocrx_word' id='word_1_258' title='bbox 1104 3400 1168 3438; x_wconf 86' lang='grc' dir='ltr'><strong><em>ουσι</em></strong></span> 
     </span>
     <span class='ocr_line' id='line_1_33' title="bbox 151 3403 1150 3531; baseline 0.004 -31"><span class='ocrx_word' id='word_1_259' title='bbox 151 3448 222 3516; x_wconf 86' lang='lat' dir='ltr'><strong><em>VM]</em></strong></span> <span class='ocrx_word' id='word_1_260' title='bbox 243 3448 358 3531; x_wconf 79' lang='grc' dir='ltr'><strong><em>ἐγουμιν</em></strong></span> <span class='ocrx_word' id='word_1_261' title='bbox 425 3454 459 3504; x_wconf 82' lang='grc'><strong><em>25</em></strong></span> <span class='ocrx_word' id='word_1_262' title='bbox 476 3445 655 3517; x_wconf 79' lang='grc' dir='ltr'><strong><em>ἀναρπάζειν</em></strong></span> <span class='ocrx_word' id='word_1_263' title='bbox 673 3451 708 3521; x_wconf 90' lang='lat' dir='ltr'><strong><em>V]</em></strong></span> <span class='ocrx_word' id='word_1_264' title='bbox 726 3445 866 3519; x_wconf 73' lang='grc' dir='ltr'><strong><em>ἁρπάζειν</em></strong></span> <span class='ocrx_word' id='word_1_265' title='bbox 925 3457 958 3504; x_wconf 88' lang='grc'><strong><em>26</em></strong></span> <span class='ocrx_word' id='word_1_266' title='bbox 976 3448 1030 3520; x_wconf 80' lang='grc' dir='ltr'><strong><em>γάρ</em></strong></span> <span class='ocrx_word' id='word_1_267' title='bbox 1049 3403 1150 3519; x_wconf 66' lang='grc' dir='ltr'><strong><em>άεδμὲ</em></strong></span> 
     </span>
     <span class='ocr_line' id='line_1_34' title="bbox 150 3511 1133 3584; baseline 0.009 -22"><span class='ocrx_word' id='word_1_268' title='bbox 150 3511 187 3578; x_wconf 73' lang='lat' dir='ltr'><strong><em>V]</em></strong></span> <span class='ocrx_word' id='word_1_269' title='bbox 198 3513 260 3580; x_wconf 72' lang='grc' dir='ltr'><strong><em>μὲν</em></strong></span> <span class='ocrx_word' id='word_1_270' title='bbox 273 3534 333 3584; x_wconf 86' lang='grc' dir='ltr'><strong><em>γαρ</em></strong></span> <span class='ocrx_word' id='word_1_271' title='bbox 350 3511 398 3570; x_wconf 82' lang='grc' dir='ltr'><strong><em>άελ</em></strong></span> <span class='ocrx_word' id='word_1_272' title='bbox 1132 3529 1133 3532; x_wconf 78' lang='grc'>’</span> 
     </span>
    </p>
   </div>
   <div class='ocr_carea' id='block_1_4' title="bbox 0 0 1228 3870">
    <p class='ocr_par' dir='ltr' id='par_1_4' title="bbox 0 0 1228 3870">
     <span class='ocr_line' id='line_1_35' title="bbox 0 0 1228 3870; baseline 0 0"><span class='ocrx_word' id='word_1_273' title='bbox 0 0 1228 3870; x_wconf 95' lang='lat' dir='ltr'><strong><em> </em></strong></span> 
     </span>
    </p>
   </div>
  </div>
 </body>
</html>
