2446 3870
154 140 216 205 146
454 144 597 196 mmm
619 117 868 197 IMPERATORIS

109 281 136 336 D
155 283 267 357 μεῖναι
304 270 479 359 ἐθελήσας,
522 269 598 352 ἐξὸν
639 273 706 340 ἐκεῖ
745 295 812 340 που
853 269 1070 359 παυσάμενον
1111 276 1172 361 τῆς

95 458 97 462 Ι
152 375 280 463 πλάνης
308 378 364 444 καὶ
391 380 460 445 τῶν
487 376 661 446 κινδύνων
693 375 917 465 ἀπηλλάχθαι·
951 373 995 446 σὺ
1022 377 1060 446 δὲ
1087 374 1170 466 ἡμῖν

152 483 206 552 ἐπὶ
237 485 295 570 τῆς
328 488 435 563 οἰκίας
467 489 571 569 ἔγνως
604 483 844 573 στρατεύεσθαι
876 483 932 553 καὶ
964 481 1093 564 ἀθλους
1126 481 1169 572 δή

150 615 245 669 τινας
272 589 329 657 καὶ
362 585 553 678 ἀποδημίαν
586 591 701 677 ἑτέραν
729 592 874 658 ἐκτελεῖν
900 586 975 658 οότι
1001 592 1059 676 τῆς
1086 590 1169 680 πρό-

153 705 248 782 σθεν,
277 691 322 775 ὥς
348 723 386 782 γε
410 693 447 764 τό
476 695 575 782 είκός,
603 692 819 786 ἀτονωτέραν
839 692 919 764 οὐδὲ
946 697 1213 785 κουφοτέρανσ

150 807 186 868 τί
210 806 252 890 δη
286 792 349 869 οὖν
382 810 497 871 οίεσθε
528 799 612 892 πρὸς
639 804 744 871 ταῦτα
772 805 901 891 ἐκεῖνον
929 806 1035 870 εἰπεῖν
1063 807 1167 889 ἔχεινς

151 897 204 996 ἀρ’
246 905 307 995 οὐχ
344 904 395 976 ότι
432 911 471 998 τῇ
509 908 688 997 Πηνελόπη
730 923 883 978 συνεῖναι
924 909 1051 977 ἐθέλων
1088 907 1168 990 τοὺς

151 1009 280 1095 ἀθλους
309 1011 394 1103 αὐτῇ
421 1016 477 1084 καὶ
504 1013 563 1096 τάς
596 1021 767 1103 στρατείας
795 1021 951 1104 χαρίεντα
978 1014 1168 1102 διηγήματα

150 1122 267 1210 φέρειν
294 1116 452 1208 ὑπέλαβε;
480 1121 584 1189 ταῦτά
611 1148 662 1190 τοι
680 1122 735 1189 καὶ
754 1119 816 1208 τὴν
843 1122 968 1210 μητέρα
985 1126 1167 1207 πεποίηκεν

99 1223 249 1317 114αότῷ
282 1229 517 1315 παραινοῦσαν
543 1229 736 1314 μεμνῆσθαι
768 1225 918 1312 πάντων,
951 1217 1000 1295 οἷν
1030 1253 1065 1295 τε
1098 1225 1211 1296 εἴδετο

149 1331 329 1418 θεαμάτων
356 1333 412 1400 καὶ
440 1322 488 1398 οἷν
515 1328 660 1418 ἤκουσεν
688 1329 919 1420 ἀκουσμάτων,

230 1458 288 1523 ἵνα
315 1456 370 1523 καλ
398 1454 578 1542 μετόπισθε
605 1458 661 1545 τεῇ
689 1465 835 1545 είπησθα
858 1462 1004 1543 γυναικί,
1109 1472 1111 1474 ’

149 1583 264 1666 φησίν.
310 1574 328 1646 ὁ
358 1577 396 1647 δὲ
424 1575 565 1659 οὐδενὸς
596 1574 852 1667 ἐπιλαθόμενος,
886 1577 997 1667 ἐπειδὴ
1030 1582 1166 1667 πρῶτον

150 1682 288 1771 ἀφίκετο
325 1686 381 1754 καὶ
416 1687 485 1754 τῶν
522 1692 703 1775 μειρακίων
739 1689 806 1754 τόν
843 1688 897 1755 ἐπὶ
933 1683 974 1754 τά
1011 1691 1165 1772 βασίλεια

148 1790 370 1880 κωμαζόντων
402 1791 530 1881 ἐκράτει
561 1789 623 1872 ξὺν
656 1797 747 1881 δίκη,
779 1792 888 1861 πάντα
916 1789 1051 1881 ἀθρόως
1078 1790 1164 1881 αὐτῇ
1181 1817 1207 1858 15

149 1904 311 1986 διηγεῖτο,
339 1895 403 1967 ὅσα
429 1925 465 1967 τε
493 1902 612 1985 ἔδρασε
639 1899 695 1967 καὶ
723 1896 787 1967 όσα
815 1896 950 1985 ἀνέτλη,
977 1899 1034 1967 καὶ
1063 1903 1093 1965 εί
1121 1899 1165 1986 δη’

147 2033 179 2075 τι
212 2003 292 2075 ἀλλο
324 2001 390 2075 ὑπὸ
423 2007 492 2074 τῶν
524 2007 681 2094 χρησμῶν
718 2002 984 2093 ἀναπειθόμενος
1021 2005 1165 2072 ἐκτελεῖν

148 2117 323 2181 διενοεῖτο·
361 2109 552 2202 ἀπόρρητον
584 2110 621 2179 δὲ
654 2113 794 2180 ἐποιεῖτο
827 2109 911 2201 πρὸς
943 2107 1049 2198 αὐτὴν
1082 2107 1164 2179 οὐδὲ

106 2230 130 2283 Β
149 2220 197 2301 ἔν,
225 2215 295 2286 ἀλλ’
326 2213 423 2305 ἠξίου
442 2216 609 2287 κοινωνὸν
632 2223 811 2304 γίγνεσθαι
828 2219 896 2286 τῶν
923 2216 1163 2304 βουλευμάτων

147 2323 204 2391 καλ
232 2320 251 2391 ό
256 2351 302 2409 ,τι
334 2324 499 2410 πρακτέον
531 2332 582 2410 είη
611 2337 770 2393 συννοεῖν
801 2325 857 2393 καὶ
885 2317 1163 2412 συνεξευρίσκειν.
1178 2347 1204 2387 εο

148 2419 213 2518 ἀρα
249 2430 349 2497 τουτο
387 2424 469 2517 ὑμῖν
504 2431 563 2515 τῆς
599 2429 797 2518 Πηνελόπης
838 2426 955 2517 όλίγον
996 2428 1163 2516 ἐγκώμιον

148 2529 307 2620 δοκεῖ,
287 2563 307 2622 η
337 2540 368 2603 εί
398 2535 441 2623 δή
467 2561 517 2616 τις
549 2533 632 2664 άλλη
659 2534 722 2623 τὴν
754 2533 931 2624 ἐκείνης’
914 2562 1034 2625 αρετην
1061 2531 1162 2625 ὑπερ-

148 2641 335 2728 βαλλομένη
368 2640 492 2731 γαμετή
523 2666 559 2709 τε
591 2632 677 2710 ουσα
713 2643 875 2730 βασιλέως
912 2639 1072 2730 ἀνδρείου
1104 2642 1162 2710 καὶ

111 2733 383 2835 μεγαλοψύχου
420 2750 476 2817 καὶ
508 2746 684 2837 σεόφρονος
720 2747 888 2835 τοσαότην
920 2745 1058 2816 εὔνοιαν
1091 2750 1161 2816 ε’νε-

146 2860 287 2942 ποίησεν
315 2850 417 2943 αότῆς
444 2881 490 2946 τω
517 2855 670 2943 γήμαντι,
698 2856 972 2944 συγκερασαμίνη
1001 2856 1041 2942 τῇ
1069 2852 1162 2944 παρὰ
1176 2876 1203 2917 τε

105 2964 214 3030 Οτων
246 2960 380 3051 ἐράτων
413 2962 631 3051 ἐπιπνεομένη
665 2968 760 3052 φιλίᾳ
791 2958 853 3048 τὴν
885 2964 920 3029 ἐκ
951 2963 1010 3048 τῆς
1042 2957 1162 3050 ἀρετῆς

145 3067 298 3157 καθάπερ
315 3070 432 3158 ῥεῦμα
458 3077 557 3136 θεῖον
575 3069 818 3157 ἐπιφερομένην
841 3082 913 3148 ταῖς
940 3064 1086 3152 ἀγαθαῖς
1104 3067 1161 3134 καὶ

230 3309 244 3357 1
270 3299 414 3373 ἐθελήσας
432 3304 540 3375 VMfl.]
565 3301 708 3388 ἕθέλησας
793 3312 809 3360 3
833 3303 864 3360 ἐκ
887 3325 903 3359 τ
906 3327 939 3374 ης
961 3304 1072 3367 οἰκείας
1090 3308 1161 3361 Rsk.

146 3377 178 3425 12
207 3374 308 3454 Odyss.
332 3325 360 3440 λῚΞ
384 3379 434 3428 223
522 3379 554 3426 14
579 3368 615 3426 τά
641 3375 774 3441 βασίλειοι
796 3377 821 3427 V
872 3375 906 3456 τῇ
906 3327 1056 3443 ηβασιλίδι
1128 3378 1160 3427 19

144 3434 219 3492 ἀλλὰ
236 3444 262 3493 V
284 3441 298 3561 χ
319 3442 474 3510 γίγνεσθαι
491 3440 528 3523 V]
548 3442 705 3526 γίνεσθαι
753 3446 822 3495 ῖῖε
855 3436 906 3512 δὴ]
925 3439 984 3510 ἤδη
1007 3443 1177 3527 Horkeliuq

139 3511 177 3557 24
190 3513 219 3558 εῖ
231 3511 264 3560 25
298 3511 450 3578 νεποίησεν
469 3501 560 3577 αότῆς
578 3512 610 3575 V,
630 3503 721 3578 αυτῆς
738 3503 925 3579 ἐνεποίησεν
