<?xml version="1.0" encoding="UTF-8"?>
<!DOCTYPE html PUBLIC "-//W3C//DTD XHTML 1.0 Transitional//EN"
    "http://www.w3.org/TR/xhtml1/DTD/xhtml1-transitional.dtd">
<html xmlns="http://www.w3.org/1999/xhtml" xml:lang="en" lang="en">
 <head>
  <title>
</title>
<meta http-equiv="Content-Type" content="text/html;charset=utf-8" />
  <meta name='ocr-system' content='tesseract 3.04.00' />
  <meta name='ocr-capabilities' content='ocr_page ocr_carea ocr_par ocr_line ocrx_word'/>
</head>
<body>
  <div class='ocr_page' id='page_1' title='image "./iulianiimperato01juligoog_0036.png"; bbox 0 0 2408 3856; ppageno 0'>
   <div class='ocr_carea' id='block_1_1' title="bbox 496 165 1089 232">
    <p class='ocr_par' dir='ltr' id='par_1_1' title="bbox 496 165 1089 232">
     <span class='ocr_line' id='line_1_1' title="bbox 496 165 1089 232; baseline -0.005 -15"><span class='ocrx_word' id='word_1_1' title='bbox 496 165 628 217; x_wconf 73' lang='grc' dir='ltr'><strong><em>οκευεο</em></strong></span> <span class='ocrx_word' id='word_1_2' title='bbox 647 167 670 220; x_wconf 90' lang='lat'><strong><em>1.</em></strong></span> <span class='ocrx_word' id='word_1_3' title='bbox 1046 168 1089 232; x_wconf 76' lang='lat'><strong><em>23</em></strong></span> 
     </span>
    </p>
   </div>
   <div class='ocr_carea' id='block_1_2' title="bbox 9 289 1194 2312">
    <p class='ocr_par' dir='ltr' id='par_1_2' title="bbox 109 289 1087 383">
     <span class='ocr_line' id='line_1_2' title="bbox 109 289 1087 383; baseline 0.005 -23"><span class='ocrx_word' id='word_1_4' title='bbox 109 319 154 360; x_wconf 91' lang='grc' dir='ltr'><strong><em>ων</em></strong></span> <span class='ocrx_word' id='word_1_5' title='bbox 187 289 423 380; x_wconf 82' lang='grc' dir='ltr'><strong><em>(πεντήκοντα)</em></strong></span> <span class='ocrx_word' id='word_1_6' title='bbox 457 306 554 378; x_wconf 76' lang='grc' dir='ltr'><strong><em>μναι”ς</em></strong></span> <span class='ocrx_word' id='word_1_7' title='bbox 587 297 723 361; x_wconf 80' lang='grc' dir='ltr'><strong><em>ἔλαττον</em></strong></span> <span class='ocrx_word' id='word_1_8' title='bbox 753 290 903 381; x_wconf 79' lang='grc' dir='ltr'><em>ἠγάπησε</em></span> <span class='ocrx_word' id='word_1_9' title='bbox 937 295 999 383; x_wconf 80' lang='grc' dir='ltr'><strong><em>δή,</em></strong></span> <span class='ocrx_word' id='word_1_10' title='bbox 1031 299 1087 365; x_wconf 81' lang='grc' dir='ltr'><strong><em>καὶ</em></strong></span> 
     </span>
    </p>

    <p class='ocr_par' dir='ltr' id='par_1_3' title="bbox 97 393 1087 490">
     <span class='ocr_line' id='line_1_3' title="bbox 97 393 1087 490; baseline 0.005 -24"><span class='ocrx_word' id='word_1_11' title='bbox 97 400 190 487; x_wconf 82' lang='grc' dir='ltr'><strong><em>ικροῦ</em></strong></span> <span class='ocrx_word' id='word_1_12' title='bbox 223 400 393 479; x_wconf 76' lang='grc' dir='ltr'><strong><em>παντελῶς</em></strong></span> <span class='ocrx_word' id='word_1_13' title='bbox 420 393 585 487; x_wconf 77' lang='grc' dir='ltr'><em>ἀργυρίου</em></span> <span class='ocrx_word' id='word_1_14' title='bbox 617 395 679 485; x_wconf 79' lang='grc' dir='ltr'><strong><em>τὴν</em></strong></span> <span class='ocrx_word' id='word_1_15' title='bbox 711 395 796 488; x_wconf 84' lang='grc' dir='ltr'><strong><em>πρὸς</em></strong></span> <span class='ocrx_word' id='word_1_16' title='bbox 829 401 976 482; x_wconf 80' lang='grc' dir='ltr'><strong><em>ἐκείνους</em></strong></span> <span class='ocrx_word' id='word_1_17' title='bbox 1008 397 1087 490; x_wconf 86' lang='grc' dir='ltr'><strong><em>ὁμό-</em></strong></span> 
     </span>
    </p>

    <p class='ocr_par' dir='ltr' id='par_1_4' title="bbox 26 500 1127 700">
     <span class='ocr_line' id='line_1_4' title="bbox 101 500 1127 595; baseline 0.003 -23"><span class='ocrx_word' id='word_1_18' title='bbox 101 531 167 572; x_wconf 87' lang='grc' dir='ltr'><strong><em>ιιαν</em></strong></span> <span class='ocrx_word' id='word_1_19' title='bbox 195 500 497 591; x_wconf 82' lang='grc' dir='ltr'><strong><em>άνταλλαξάμενος,</em></strong></span> <span class='ocrx_word' id='word_1_20' title='bbox 531 506 678 573; x_wconf 81' lang='grc' dir='ltr'><strong><em>ἐπαίνων</em></strong></span> <span class='ocrx_word' id='word_1_21' title='bbox 705 501 748 573; x_wconf 85' lang='grc' dir='ltr'><strong><em>άν</em></strong></span> <span class='ocrx_word' id='word_1_22' title='bbox 776 504 883 575; x_wconf 81' lang='grc' dir='ltr'><strong><em>ἐδόκει</em></strong></span> <span class='ocrx_word' id='word_1_23' title='bbox 910 508 966 574; x_wconf 86' lang='grc' dir='ltr'><strong><em>καλ</em></strong></span> <span class='ocrx_word' id='word_1_24' title='bbox 992 511 1127 595; x_wconf 78' lang='grc' dir='ltr'><strong><em>τιμῆςο</em></strong></span> 
     </span>
     <span class='ocr_line' id='line_1_5' title="bbox 26 605 1088 700; baseline 0.003 -22"><span class='ocrx_word' id='word_1_25' title='bbox 26 696 28 700; x_wconf 20' lang='lat'><strong>¹</strong></span> <span class='ocrx_word' id='word_1_26' title='bbox 97 611 159 692; x_wconf 74' lang='grc' dir='ltr'><strong><em>ξιος</em></strong></span> <span class='ocrx_word' id='word_1_27' title='bbox 193 605 238 691; x_wconf 89' lang='grc' dir='ltr'><strong><em>ῶς</em></strong></span> <span class='ocrx_word' id='word_1_28' title='bbox 270 609 446 699; x_wconf 87' lang='grc' dir='ltr'><strong><em>χρημάτων</em></strong></span> <span class='ocrx_word' id='word_1_29' title='bbox 482 616 659 699; x_wconf 81' lang='grc' dir='ltr'><strong><em>κρείττων,</em></strong></span> <span class='ocrx_word' id='word_1_30' title='bbox 697 606 741 692; x_wconf 92' lang='grc' dir='ltr'><strong><em>ῶς</em></strong></span> <span class='ocrx_word' id='word_1_31' title='bbox 777 609 940 699; x_wconf 80' lang='grc' dir='ltr'><strong><em>εὔβουλος</em></strong></span> <span class='ocrx_word' id='word_1_32' title='bbox 977 611 1088 700; x_wconf 86' lang='grc' dir='ltr'><strong><em>φύσει,</em></strong></span> 
     </span>
    </p>

    <p class='ocr_par' dir='ltr' id='par_1_5' title="bbox 43 711 1087 1230">
     <span class='ocr_line' id='line_1_6' title="bbox 43 711 1087 805; baseline 0.002 -20"><span class='ocrx_word' id='word_1_33' title='bbox 43 722 45 725; x_wconf 69' lang='grc'><strong>’</strong></span> <span class='ocrx_word' id='word_1_34' title='bbox 76 715 241 786; x_wconf 84' lang='grc' dir='ltr'><strong><em>ἰνελόντι</em></strong></span> <span class='ocrx_word' id='word_1_35' title='bbox 270 715 307 784; x_wconf 79' lang='grc' dir='ltr'><strong><em>δέ</em></strong></span> <span class='ocrx_word' id='word_1_36' title='bbox 335 721 455 802; x_wconf 84' lang='grc' dir='ltr'><strong><em>είπεῐυ,</em></strong></span> <span class='ocrx_word' id='word_1_37' title='bbox 489 711 533 796; x_wconf 87' lang='grc' dir='ltr'><strong><em>ῶς</em></strong></span> <span class='ocrx_word' id='word_1_38' title='bbox 559 715 660 797; x_wconf 87' lang='grc' dir='ltr'><strong><em>καλὸς</em></strong></span> <span class='ocrx_word' id='word_1_39' title='bbox 691 714 850 803; x_wconf 77' lang='grc' dir='ltr'><strong><em>κάγαθός.</em></strong></span> <span class='ocrx_word' id='word_1_40' title='bbox 891 714 909 787; x_wconf 87' lang='grc' dir='ltr'><strong><em>δ</em></strong></span> <span class='ocrx_word' id='word_1_41' title='bbox 937 717 975 787; x_wconf 75' lang='grc' dir='ltr'><strong><em>δέ</em></strong></span> <span class='ocrx_word' id='word_1_42' title='bbox 1003 713 1087 805; x_wconf 72' lang='grc' dir='ltr'><strong><em>ὑπὲρ</em></strong></span> 
     </span>
     <span class='ocr_line' id='line_1_7' title="bbox 97 818 1085 914; baseline 0.002 -24"><span class='ocrx_word' id='word_1_43' title='bbox 97 824 127 910; x_wconf 71' lang='grc' dir='ltr'><strong><em>ᾗς</em></strong></span> <span class='ocrx_word' id='word_1_44' title='bbox 150 825 221 891; x_wconf 87' lang='grc' dir='ltr'><strong><em>τῶν</em></strong></span> <span class='ocrx_word' id='word_1_45' title='bbox 249 819 339 890; x_wconf 79' lang='grc' dir='ltr'><strong><em>ὅλων</em></strong></span> <span class='ocrx_word' id='word_1_46' title='bbox 367 820 468 911; x_wconf 77' lang='grc' dir='ltr'><strong><em>ἀρχῆς</em></strong></span> <span class='ocrx_word' id='word_1_47' title='bbox 496 818 593 891; x_wconf 80' lang='grc' dir='ltr'><strong><em>οὕτω</em></strong></span> <span class='ocrx_word' id='word_1_48' title='bbox 608 823 848 911; x_wconf 78' lang='grc' dir='ltr'><strong><em>μεγαλοψύχως</em></strong></span> <span class='ocrx_word' id='word_1_49' title='bbox 870 825 926 892; x_wconf 85' lang='grc' dir='ltr'><strong><em>καὶ</em></strong></span> <span class='ocrx_word' id='word_1_50' title='bbox 951 824 1085 914; x_wconf 88' lang='grc' dir='ltr'><strong><em>σωφρό-</em></strong></span> 
     </span>
     <span class='ocr_line' id='line_1_8' title="bbox 97 923 1085 1018; baseline 0.003 -22"><span class='ocrx_word' id='word_1_51' title='bbox 97 956 135 1010; x_wconf 82' lang='grc' dir='ltr'><strong><em>υς</em></strong></span> <span class='ocrx_word' id='word_1_52' title='bbox 162 930 277 998; x_wconf 88' lang='grc' dir='ltr'><strong><em>δοκῶν</em></strong></span> <span class='ocrx_word' id='word_1_53' title='bbox 304 931 566 1016; x_wconf 77' lang='grc' dir='ltr'><strong><em>βεβουλεῦσθαι,</em></strong></span> <span class='ocrx_word' id='word_1_54' title='bbox 595 923 639 1008; x_wconf 86' lang='grc' dir='ltr'><strong><em>ῶς</em></strong></span> <span class='ocrx_word' id='word_1_55' title='bbox 663 926 811 1016; x_wconf 73' lang='grc' dir='ltr'><strong><em>τὸνμὲν</em></strong></span> <span class='ocrx_word' id='word_1_56' title='bbox 835 931 871 997; x_wconf 81' lang='grc' dir='ltr'><strong><em>ἐκ</em></strong></span> <span class='ocrx_word' id='word_1_57' title='bbox 894 933 953 1018; x_wconf 79' lang='grc' dir='ltr'><strong><em>τῆς</em></strong></span> <span class='ocrx_word' id='word_1_58' title='bbox 977 933 1085 1018; x_wconf 83' lang='grc' dir='ltr'><strong><em>ἐπιμε-</em></strong></span> 
     </span>
     <span class='ocr_line' id='line_1_9' title="bbox 97 1030 1087 1126; baseline 0.003 -24"><span class='ocrx_word' id='word_1_59' title='bbox 97 1041 157 1116; x_wconf 81' lang='grc' dir='ltr'><strong><em>είας</em></strong></span> <span class='ocrx_word' id='word_1_60' title='bbox 189 1030 281 1126; x_wconf 72' lang='grc' dir='ltr'><strong><em>αὐτῷ</em></strong></span> <span class='ocrx_word' id='word_1_61' title='bbox 314 1041 448 1122; x_wconf 79' lang='grc' dir='ltr'><strong><em>μείζονα</em></strong></span> <span class='ocrx_word' id='word_1_62' title='bbox 480 1033 524 1122; x_wconf 78' lang='grc' dir='ltr'><strong><em>μὴ</em></strong></span> <span class='ocrx_word' id='word_1_63' title='bbox 556 1044 757 1123; x_wconf 75' lang='grc' dir='ltr'><strong><em>προσθεῖναι</em></strong></span> <span class='ocrx_word' id='word_1_64' title='bbox 790 1033 917 1121; x_wconf 90' lang='grc' dir='ltr'><strong><em>πόνον,</em></strong></span> <span class='ocrx_word' id='word_1_65' title='bbox 948 1039 1017 1105; x_wconf 91' lang='grc' dir='ltr'><strong><em>τῶν</em></strong></span> <span class='ocrx_word' id='word_1_66' title='bbox 1050 1037 1087 1105; x_wconf 74' lang='grc' dir='ltr'><strong><em>δὲ</em></strong></span> 
     </span>
     <span class='ocr_line' id='line_1_10' title="bbox 93 1135 1086 1230; baseline 0.002 -21"><span class='ocrx_word' id='word_1_67' title='bbox 93 1170 105 1210; x_wconf 89' lang='grc' dir='ltr'><strong><em>ι</em></strong></span> <span class='ocrx_word' id='word_1_68' title='bbox 136 1143 195 1228; x_wconf 79' lang='grc' dir='ltr'><strong><em>τῆς</em></strong></span> <span class='ocrx_word' id='word_1_69' title='bbox 227 1137 331 1230; x_wconf 78' lang='grc' dir='ltr'><strong><em>ἀρχῆς</em></strong></span> <span class='ocrx_word' id='word_1_70' title='bbox 367 1139 546 1229; x_wconf 76' lang='grc' dir='ltr'><strong><em>προσόδων</em></strong></span> <span class='ocrx_word' id='word_1_71' title='bbox 578 1137 664 1209; x_wconf 83' lang='grc' dir='ltr'><strong><em>ἕκῶν</em></strong></span> <span class='ocrx_word' id='word_1_72' title='bbox 696 1135 859 1228; x_wconf 78' lang='grc' dir='ltr'><strong><em>ὑφίεσθαι</em></strong></span> <span class='ocrx_word' id='word_1_73' title='bbox 890 1135 975 1229; x_wconf 76' lang='grc' dir='ltr'><strong><em>ὑπέρ</em></strong></span> <span class='ocrx_word' id='word_1_74' title='bbox 1008 1137 1086 1229; x_wconf 88' lang='grc' dir='ltr'><strong><em>δμο-</em></strong></span> 
     </span>
    </p>

    <p class='ocr_par' dir='ltr' id='par_1_6' title="bbox 46 1241 1113 1336">
     <span class='ocr_line' id='line_1_11' title="bbox 46 1241 1113 1336; baseline 0 -21"><span class='ocrx_word' id='word_1_75' title='bbox 46 1312 60 1315; x_wconf 77' lang='grc'><strong><em>,,</em></strong></span> <span class='ocrx_word' id='word_1_76' title='bbox 77 1254 163 1328; x_wconf 88' lang='grc' dir='ltr'><strong><em>,οίας</em></strong></span> <span class='ocrx_word' id='word_1_77' title='bbox 185 1248 241 1315; x_wconf 84' lang='grc' dir='ltr'><strong><em>καὶ</em></strong></span> <span class='ocrx_word' id='word_1_78' title='bbox 264 1249 323 1334; x_wconf 79' lang='grc' dir='ltr'><strong><em>τῆς</em></strong></span> <span class='ocrx_word' id='word_1_79' title='bbox 344 1245 428 1336; x_wconf 86' lang='grc' dir='ltr'><strong><em>πρὸς</em></strong></span> <span class='ocrx_word' id='word_1_80' title='bbox 451 1243 613 1334; x_wconf 75' lang='grc' dir='ltr'><strong><em>ἀλλήλους</em></strong></span> <span class='ocrx_word' id='word_1_81' title='bbox 632 1241 803 1334; x_wconf 88' lang='grc' dir='ltr'><strong><em>Ῥωμαίων</em></strong></span> <span class='ocrx_word' id='word_1_82' title='bbox 821 1242 980 1317; x_wconf 79' lang='grc' dir='ltr'><strong><em>ἁπάντων</em></strong></span> <span class='ocrx_word' id='word_1_83' title='bbox 999 1249 1086 1336; x_wconf 82' lang='grc' dir='ltr'><strong><em>είρή-</em></strong></span> <span class='ocrx_word' id='word_1_84' title='bbox 1112 1323 1113 1326; x_wconf 10' lang='lat'>¹</span> 
     </span>
    </p>

    <p class='ocr_par' dir='ltr' id='par_1_7' title="bbox 9 1311 1194 1654">
     <span class='ocr_line' id='line_1_12' title="bbox 9 1311 1129 1464; baseline 0.001 -42"><span class='ocrx_word' id='word_1_85' title='bbox 9 1311 30 1464; x_wconf 65' lang='lat' dir='ltr'>K</span> <span class='ocrx_word' id='word_1_86' title='bbox 74 1381 143 1441; x_wconf 85' lang='grc' dir='ltr'><strong><em>νης,</em></strong></span> <span class='ocrx_word' id='word_1_87' title='bbox 170 1352 288 1422; x_wconf 91' lang='grc' dir='ltr'><strong><em>πόσων</em></strong></span> <span class='ocrx_word' id='word_1_88' title='bbox 316 1355 465 1421; x_wconf 79' lang='grc' dir='ltr'><strong><em>ἐπαίνων</em></strong></span> <span class='ocrx_word' id='word_1_89' title='bbox 493 1349 587 1433; x_wconf 80' lang='grc' dir='ltr'><strong><em>ἀξιον</em></strong></span> <span class='ocrx_word' id='word_1_90' title='bbox 614 1367 723 1441; x_wconf 82' lang='grc' dir='ltr'><strong><em>κρινεῖ</em></strong></span> <span class='ocrx_word' id='word_1_91' title='bbox 746 1379 810 1435; x_wconf 80' lang='grc' dir='ltr'><strong><em>τις;</em></strong></span> <span class='ocrx_word' id='word_1_92' title='bbox 839 1349 881 1422; x_wconf 88' lang='grc' dir='ltr'><strong><em>οό</em></strong></span> <span class='ocrx_word' id='word_1_93' title='bbox 908 1350 976 1442; x_wconf 81' lang='grc' dir='ltr'><strong><em>μὴν</em></strong></span> <span class='ocrx_word' id='word_1_94' title='bbox 1004 1350 1129 1423; x_wconf 73' lang='grc' dir='ltr'><strong><em>οὐδὲΙ)</em></strong></span> 
     </span>
     <span class='ocr_line' id='line_1_13' title="bbox 83 1454 1194 1550; baseline -0.001 -21"><span class='ocrx_word' id='word_1_95' title='bbox 83 1461 175 1530; x_wconf 63' lang='grc' dir='ltr'><strong><em>’κεῖνο</em></strong></span> <span class='ocrx_word' id='word_1_96' title='bbox 188 1461 305 1544; x_wconf 83' lang='grc' dir='ltr'><strong><em>λέγειν</em></strong></span> <span class='ocrx_word' id='word_1_97' title='bbox 324 1464 452 1527; x_wconf 77' lang='grc' dir='ltr'><strong><em>ἔνεστιν</em></strong></span> <span class='ocrx_word' id='word_1_98' title='bbox 471 1460 634 1544; x_wconf 75' lang='grc' dir='ltr'><strong><em>ἐνταῦθα,</em></strong></span> <span class='ocrx_word' id='word_1_99' title='bbox 658 1454 703 1541; x_wconf 87' lang='grc' dir='ltr'><strong><em>ῶς</em></strong></span> <span class='ocrx_word' id='word_1_100' title='bbox 725 1461 833 1540; x_wconf 89' lang='grc' dir='ltr'><strong><em>καλῶς</em></strong></span> <span class='ocrx_word' id='word_1_101' title='bbox 856 1461 932 1546; x_wconf 84' lang='grc' dir='ltr'><strong><em>μέν,</em></strong></span> <span class='ocrx_word' id='word_1_102' title='bbox 957 1457 1086 1550; x_wconf 88' lang='grc' dir='ltr'><strong><em>ά(λυσι-</em></strong></span> <span class='ocrx_word' id='word_1_103' title='bbox 1190 1477 1194 1490; x_wconf 74' lang='grc'><em>“</em></span> 
     </span>
     <span class='ocr_line' id='line_1_14' title="bbox 97 1561 1086 1654; baseline 0 -20"><span class='ocrx_word' id='word_1_104' title='bbox 97 1569 168 1647; x_wconf 75' lang='grc' dir='ltr'><strong><em>ελῶς</em></strong></span> <span class='ocrx_word' id='word_1_105' title='bbox 191 1565 256 1654; x_wconf 84' lang='grc' dir='ltr'><strong><em>δέ’)</em></strong></span> <span class='ocrx_word' id='word_1_106' title='bbox 285 1562 453 1645; x_wconf 75' lang='grc' dir='ltr'><strong><em>λυσιτελές</em></strong></span> <span class='ocrx_word' id='word_1_107' title='bbox 471 1563 532 1651; x_wconf 75' lang='grc' dir='ltr'><strong><em>μέν</em></strong></span> <span class='ocrx_word' id='word_1_108' title='bbox 551 1561 615 1654; x_wconf 84' lang='grc' dir='ltr'><strong><em>γάρ</em></strong></span> <span class='ocrx_word' id='word_1_109' title='bbox 635 1561 737 1634; x_wconf 81' lang='grc' dir='ltr'><strong><em>οὐδέν</em></strong></span> <span class='ocrx_word' id='word_1_110' title='bbox 744 1617 755 1652; x_wconf 89' lang='grc'><strong><em>,</em></strong></span> <span class='ocrx_word' id='word_1_111' title='bbox 779 1561 813 1650; x_wconf 83' lang='grc' dir='ltr'><strong><em>ὅ,</em></strong></span> <span class='ocrx_word' id='word_1_112' title='bbox 831 1592 862 1633; x_wconf 92' lang='grc' dir='ltr'><strong><em>τι</em></strong></span> <span class='ocrx_word' id='word_1_113' title='bbox 881 1563 926 1653; x_wconf 76' lang='grc' dir='ltr'><strong><em>μὴ</em></strong></span> <span class='ocrx_word' id='word_1_114' title='bbox 945 1564 982 1634; x_wconf 86' lang='grc' dir='ltr'><strong><em>τὸ</em></strong></span> <span class='ocrx_word' id='word_1_115' title='bbox 1004 1563 1086 1634; x_wconf 80' lang='grc' dir='ltr'><strong><em>αὐτὸ</em></strong></span> 
     </span>
    </p>

    <p class='ocr_par' dir='ltr' id='par_1_8' title="bbox 44 1667 1084 1758">
     <span class='ocr_line' id='line_1_15' title="bbox 44 1667 1084 1758; baseline 0 -19"><span class='ocrx_word' id='word_1_116' title='bbox 44 1756 46 1758; x_wconf 10' lang='lat' dir='ltr'>q</span> <span class='ocrx_word' id='word_1_117' title='bbox 74 1672 124 1739; x_wconf 86' lang='grc' dir='ltr'><strong><em>καλ</em></strong></span> <span class='ocrx_word' id='word_1_118' title='bbox 155 1670 275 1757; x_wconf 88' lang='grc' dir='ltr'><strong><em>καλόν,</em></strong></span> <span class='ocrx_word' id='word_1_119' title='bbox 309 1677 420 1758; x_wconf 81' lang='grc' dir='ltr'><strong><em>ἔμοιγε</em></strong></span> <span class='ocrx_word' id='word_1_120' title='bbox 452 1676 616 1757; x_wconf 88' lang='grc' dir='ltr'><strong><em>φαίνεται.</em></strong></span> <span class='ocrx_word' id='word_1_121' title='bbox 662 1667 747 1752; x_wconf 86' lang='grc' dir='ltr'><strong><em>όλως</em></strong></span> <span class='ocrx_word' id='word_1_122' title='bbox 780 1669 817 1739; x_wconf 67' lang='grc' dir='ltr'><strong><em>δέ</em></strong></span> <span class='ocrx_word' id='word_1_123' title='bbox 849 1680 883 1739; x_wconf 89' lang='grc' dir='ltr'><strong><em>εί</em></strong></span> <span class='ocrx_word' id='word_1_124' title='bbox 903 1698 977 1757; x_wconf 82' lang='grc' dir='ltr'><strong><em>τινι</em></strong></span> <span class='ocrx_word' id='word_1_125' title='bbox 1009 1669 1084 1740; x_wconf 74' lang='grc' dir='ltr'><strong><em>καθ’</em></strong></span> 
     </span>
    </p>

    <p class='ocr_par' dir='ltr' id='par_1_9' title="bbox 17 1773 1087 2078">
     <span class='ocr_line' id='line_1_16' title="bbox 45 1773 1087 1867; baseline -0.005 -17.131"><span class='ocrx_word' id='word_1_126' title='bbox 45 1773 152 1847; x_wconf 81' lang='grc' dir='ltr'><strong><em>ααδτὸ</em></strong></span> <span class='ocrx_word' id='word_1_127' title='bbox 180 1776 218 1846; x_wconf 89' lang='grc' dir='ltr'><strong><em>τὸ</em></strong></span> <span class='ocrx_word' id='word_1_128' title='bbox 249 1778 425 1866; x_wconf 76' lang='grc' dir='ltr'><strong><em>συμφέρον</em></strong></span> <span class='ocrx_word' id='word_1_129' title='bbox 452 1776 611 1860; x_wconf 81' lang='grc' dir='ltr'><strong><em>ἐξετάζειν</em></strong></span> <span class='ocrx_word' id='word_1_130' title='bbox 638 1781 745 1864; x_wconf 83' lang='grc' dir='ltr'><strong><em>δοκεῖ,</em></strong></span> <span class='ocrx_word' id='word_1_131' title='bbox 773 1778 912 1866; x_wconf 77' lang='grc' dir='ltr'><strong><em>κρινέτω</em></strong></span> <span class='ocrx_word' id='word_1_132' title='bbox 935 1775 979 1865; x_wconf 79' lang='grc' dir='ltr'><strong><em>μὴ</em></strong></span> <span class='ocrx_word' id='word_1_133' title='bbox 1003 1776 1087 1867; x_wconf 86' lang='grc' dir='ltr'><strong><em>πρὸς</em></strong></span> 
     </span>
     <span class='ocr_line' id='line_1_17' title="bbox 72 1879 1085 1973; baseline 0 -21"><span class='ocrx_word' id='word_1_134' title='bbox 72 1880 232 1973; x_wconf 78' lang='grc' dir='ltr'><strong><em>ἀργύριον</em></strong></span> <span class='ocrx_word' id='word_1_135' title='bbox 265 1885 400 1951; x_wconf 77' lang='grc' dir='ltr'><strong><em>σκοπῶν</em></strong></span> <span class='ocrx_word' id='word_1_136' title='bbox 431 1881 514 1969; x_wconf 76' lang='grc' dir='ltr'><strong><em>μηδέ</em></strong></span> <span class='ocrx_word' id='word_1_137' title='bbox 550 1882 742 1972; x_wconf 75' lang='grc' dir='ltr'><strong><em>προσόδους</em></strong></span> <span class='ocrx_word' id='word_1_138' title='bbox 777 1889 909 1970; x_wconf 87' lang='grc' dir='ltr'><strong><em>χωρίων</em></strong></span> <span class='ocrx_word' id='word_1_139' title='bbox 941 1879 1085 1973; x_wconf 77' lang='grc' dir='ltr'><strong><em>ἀπαριθ-</em></strong></span> 
     </span>
     <span class='ocr_line' id='line_1_18' title="bbox 93 1983 1086 2078; baseline -0.003 -19"><span class='ocrx_word' id='word_1_140' title='bbox 93 1991 250 2078; x_wconf 88' lang='grc' dir='ltr'><strong><em>οόμενος,</em></strong></span> <span class='ocrx_word' id='word_1_141' title='bbox 278 1989 429 2077; x_wconf 77' lang='grc' dir='ltr'><strong><em>καθάπερ</em></strong></span> <span class='ocrx_word' id='word_1_142' title='bbox 459 1991 494 2056; x_wconf 89' lang='grc' dir='ltr'><strong><em>οί</em></strong></span> <span class='ocrx_word' id='word_1_143' title='bbox 518 1988 721 2076; x_wconf 78' lang='grc' dir='ltr'><strong><em>φιλάργυροι</em></strong></span> <span class='ocrx_word' id='word_1_144' title='bbox 749 1989 901 2076; x_wconf 85' lang='grc' dir='ltr'><strong><em>γέροντες</em></strong></span> <span class='ocrx_word' id='word_1_145' title='bbox 928 1983 994 2056; x_wconf 83' lang='grc' dir='ltr'><strong><em>ὑπὸ</em></strong></span> <span class='ocrx_word' id='word_1_146' title='bbox 1018 1991 1086 2056; x_wconf 89' lang='grc' dir='ltr'><strong><em>τῶν</em></strong></span> 
     </span>
    </p>

    <p class='ocr_par' dir='ltr' id='par_1_10' title="bbox 13 2089 1085 2191">
     <span class='ocr_line' id='line_1_19' title="bbox 72 2089 1085 2188; baseline -0.005 -22.275"><span class='ocrx_word' id='word_1_147' title='bbox 72 2097 243 2188; x_wconf 77' lang='grc' dir='ltr'><strong><em>κωμῳδῶν</em></strong></span> <span class='ocrx_word' id='word_1_148' title='bbox 270 2096 323 2164; x_wconf 82' lang='grc' dir='ltr'><strong><em>ἐπὶ</em></strong></span> <span class='ocrx_word' id='word_1_149' title='bbox 350 2093 412 2181; x_wconf 81' lang='grc' dir='ltr'><strong><em>τὴν</em></strong></span> <span class='ocrx_word' id='word_1_150' title='bbox 439 2093 568 2182; x_wconf 81' lang='grc' dir='ltr'><strong><em>σκηνὴν</em></strong></span> <span class='ocrx_word' id='word_1_151' title='bbox 600 2092 787 2180; x_wconf 84' lang='grc' dir='ltr'><strong><em>ἑλκόμενοι,</em></strong></span> <span class='ocrx_word' id='word_1_152' title='bbox 821 2089 904 2160; x_wconf 83' lang='grc' dir='ltr'><strong><em>ἀλλὰ</em></strong></span> <span class='ocrx_word' id='word_1_153' title='bbox 937 2089 1021 2181; x_wconf 86' lang='grc' dir='ltr'><strong><em>πρὸς</em></strong></span> <span class='ocrx_word' id='word_1_154' title='bbox 1047 2091 1085 2162; x_wconf 87' lang='grc' dir='ltr'><strong><em>τὸ</em></strong></span> 
     </span>
    </p>

    <p class='ocr_par' dir='ltr' id='par_1_11' title="bbox 9 2104 1140 2312">
     <span class='ocr_line' id='line_1_20' title="bbox 9 2104 1140 2312; baseline -0.007 -40"><span class='ocrx_word' id='word_1_155' title='bbox 9 2104 22 2312; x_wconf 77' lang='lat' dir='ltr'><strong><em>K</em></strong></span> <span class='ocrx_word' id='word_1_156' title='bbox 70 2204 211 2289; x_wconf 75' lang='grc' dir='ltr'><strong><em>μέγεθος</em></strong></span> <span class='ocrx_word' id='word_1_157' title='bbox 232 2204 296 2288; x_wconf 79' lang='grc' dir='ltr'><strong><em>τῆς</em></strong></span> <span class='ocrx_word' id='word_1_158' title='bbox 324 2197 426 2290; x_wconf 82' lang='grc' dir='ltr'><strong><em>ἀρχῆς</em></strong></span> <span class='ocrx_word' id='word_1_159' title='bbox 449 2201 504 2269; x_wconf 83' lang='grc' dir='ltr'><strong><em>καὶ</em></strong></span> <span class='ocrx_word' id='word_1_160' title='bbox 527 2199 589 2288; x_wconf 80' lang='grc' dir='ltr'><strong><em>τὴν</em></strong></span> <span class='ocrx_word' id='word_1_161' title='bbox 612 2197 757 2280; x_wconf 83' lang='grc' dir='ltr'><strong><em>ἀξίωσιν.</em></strong></span> <span class='ocrx_word' id='word_1_162' title='bbox 800 2201 1002 2286; x_wconf 86' lang='grc' dir='ltr'><strong><em>φιλονεικῶν</em></strong></span> <span class='ocrx_word' id='word_1_163' title='bbox 1025 2198 1086 2287; x_wconf 76' lang='grc' dir='ltr'><strong><em>μέν</em></strong></span> <span class='ocrx_word' id='word_1_164' title='bbox 1105 2217 1140 2265; x_wconf 82' lang='grc' dir='ltr'><strong><em>2ο</em></strong></span> 
     </span>
    </p>
   </div>
   <div class='ocr_carea' id='block_1_3' title="bbox 9 2302 1088 2927">
    <p class='ocr_par' dir='ltr' id='par_1_12' title="bbox 9 2302 1088 2927">
     <span class='ocr_line' id='line_1_21' title="bbox 9 2302 1087 2399; baseline 0.001 -25"><span class='ocrx_word' id='word_1_165' title='bbox 9 2313 19 2377; x_wconf 82' lang='lat' dir='ltr'>K</span> <span class='ocrx_word' id='word_1_166' title='bbox 40 2307 131 2399; x_wconf 77' lang='grc' dir='ltr'><strong><em>νγάρ</em></strong></span> <span class='ocrx_word' id='word_1_167' title='bbox 160 2304 246 2396; x_wconf 77' lang='grc' dir='ltr'><strong><em>ὑπὲρ</em></strong></span> <span class='ocrx_word' id='word_1_168' title='bbox 273 2309 341 2374; x_wconf 89' lang='grc' dir='ltr'><strong><em>τῶν</em></strong></span> <span class='ocrx_word' id='word_1_169' title='bbox 365 2302 469 2396; x_wconf 86' lang='grc' dir='ltr'><strong><em>ὁρίων</em></strong></span> <span class='ocrx_word' id='word_1_170' title='bbox 491 2308 548 2376; x_wconf 80' lang='grc' dir='ltr'><strong><em>καὶ</em></strong></span> <span class='ocrx_word' id='word_1_171' title='bbox 575 2308 749 2393; x_wconf 89' lang='grc' dir='ltr'><strong><em>δυσμενῶς</em></strong></span> <span class='ocrx_word' id='word_1_172' title='bbox 772 2310 859 2393; x_wconf 80' lang='grc' dir='ltr'><strong><em>ἔχων</em></strong></span> <span class='ocrx_word' id='word_1_173' title='bbox 882 2308 1020 2375; x_wconf 81' lang='grc' dir='ltr'><strong><em>ἐκείνων</em></strong></span> <span class='ocrx_word' id='word_1_174' title='bbox 1043 2302 1087 2375; x_wconf 86' lang='grc' dir='ltr'><strong><em>άν</em></strong></span> 
     </span>
     <span class='ocr_line' id='line_1_22' title="bbox 9 2388 1086 2504; baseline -0.004 -20"><span class='ocrx_word' id='word_1_175' title='bbox 9 2388 18 2503; x_wconf 91' lang='lat' dir='ltr'><strong><em>K</em></strong></span> <span class='ocrx_word' id='word_1_176' title='bbox 69 2406 145 2504; x_wconf 80' lang='grc' dir='ltr'><strong><em>ἦρξε</em></strong></span> <span class='ocrx_word' id='word_1_177' title='bbox 178 2413 294 2501; x_wconf 90' lang='grc' dir='ltr'><strong><em>μόνων</em></strong></span> <span class='ocrx_word' id='word_1_178' title='bbox 327 2403 375 2481; x_wconf 94' lang='grc' dir='ltr'><strong><em>ῶν</em></strong></span> <span class='ocrx_word' id='word_1_179' title='bbox 407 2419 539 2499; x_wconf 79' lang='grc' dir='ltr'><strong><em>ἔλαχεν,</em></strong></span> <span class='ocrx_word' id='word_1_180' title='bbox 575 2417 607 2481; x_wconf 91' lang='grc' dir='ltr'><strong><em>εί</em></strong></span> <span class='ocrx_word' id='word_1_181' title='bbox 635 2412 691 2480; x_wconf 84' lang='grc' dir='ltr'><strong><em>καὶ</em></strong></span> <span class='ocrx_word' id='word_1_182' title='bbox 723 2413 825 2480; x_wconf 81' lang='grc' dir='ltr'><strong><em>πλέον</em></strong></span> <span class='ocrx_word' id='word_1_183' title='bbox 858 2417 943 2500; x_wconf 80' lang='grc' dir='ltr'><strong><em>ἔχων</em></strong></span> <span class='ocrx_word' id='word_1_184' title='bbox 975 2409 1086 2500; x_wconf 80' lang='grc' dir='ltr'><strong><em>ἀπῄει·</em></strong></span> 
     </span>
     <span class='ocr_line' id='line_1_23' title="bbox 9 2508 1087 2609; baseline -0.004 -20"><span class='ocrx_word' id='word_1_185' title='bbox 9 2521 12 2550; x_wconf 68' lang='grc'><strong><em>’”</em></strong></span> <span class='ocrx_word' id='word_1_186' title='bbox 68 2517 246 2609; x_wconf 78' lang='grc' dir='ltr'><strong><em>ὑπερορῶν</em></strong></span> <span class='ocrx_word' id='word_1_187' title='bbox 270 2518 307 2588; x_wconf 67' lang='grc' dir='ltr'><strong><em>δέ</em></strong></span> <span class='ocrx_word' id='word_1_188' title='bbox 328 2521 397 2590; x_wconf 90' lang='grc' dir='ltr'><strong><em>τῶν</em></strong></span> <span class='ocrx_word' id='word_1_189' title='bbox 419 2521 547 2608; x_wconf 87' lang='grc' dir='ltr'><strong><em>μικρῶν</em></strong></span> <span class='ocrx_word' id='word_1_190' title='bbox 570 2508 625 2586; x_wconf 81' lang='grc' dir='ltr'><strong><em>καί</em></strong></span> <span class='ocrx_word' id='word_1_191' title='bbox 648 2516 906 2607; x_wconf 82' lang='grc' dir='ltr'><strong><em>καταφρονήσας</em></strong></span> <span class='ocrx_word' id='word_1_192' title='bbox 928 2509 1008 2606; x_wconf 80' lang='grc' dir='ltr'><strong><em>ἦρχε</em></strong></span> <span class='ocrx_word' id='word_1_193' title='bbox 1025 2517 1087 2604; x_wconf 72' lang='grc' dir='ltr'><strong><em>μέν</em></strong></span> 
     </span>
     <span class='ocr_line' id='line_1_24' title="bbox 69 2621 1086 2714; baseline -0.004 -19"><span class='ocrx_word' id='word_1_194' title='bbox 69 2623 200 2714; x_wconf 83' lang='grc' dir='ltr'><strong><em>ἀπάσης</em></strong></span> <span class='ocrx_word' id='word_1_195' title='bbox 232 2623 313 2712; x_wconf 80' lang='grc' dir='ltr'><strong><em>μετὰ</em></strong></span> <span class='ocrx_word' id='word_1_196' title='bbox 343 2628 412 2693; x_wconf 87' lang='grc' dir='ltr'><strong><em>τῶν</em></strong></span> <span class='ocrx_word' id='word_1_197' title='bbox 445 2621 602 2712; x_wconf 80' lang='grc' dir='ltr'><strong><em>ἀδελφῶν</em></strong></span> <span class='ocrx_word' id='word_1_198' title='bbox 633 2626 692 2711; x_wconf 77' lang='grc' dir='ltr'><strong><em>τῆς</em></strong></span> <span class='ocrx_word' id='word_1_199' title='bbox 724 2625 942 2711; x_wconf 84' lang='grc' dir='ltr'><strong><em>οίκουμένης,</em></strong></span> <span class='ocrx_word' id='word_1_200' title='bbox 974 2626 1086 2710; x_wconf 79' lang='grc' dir='ltr'><strong><em>ἐπεμε-</em></strong></span> 
     </span>
     <span class='ocr_line' id='line_1_25' title="bbox 69 2725 1088 2820; baseline -0.005 -19"><span class='ocrx_word' id='word_1_201' title='bbox 69 2742 156 2802; x_wconf 81' lang='grc' dir='ltr'><strong><em>λεῖτο</em></strong></span> <span class='ocrx_word' id='word_1_202' title='bbox 181 2731 219 2800; x_wconf 75' lang='grc' dir='ltr'><strong><em>δὲ</em></strong></span> <span class='ocrx_word' id='word_1_203' title='bbox 241 2734 303 2800; x_wconf 78' lang='grc' dir='ltr'><strong><em>τοῦ</em></strong></span> <span class='ocrx_word' id='word_1_204' title='bbox 325 2731 485 2817; x_wconf 87' lang='grc' dir='ltr'><strong><em>λαχόντος</em></strong></span> <span class='ocrx_word' id='word_1_205' title='bbox 506 2732 643 2820; x_wconf 84' lang='grc' dir='ltr'><strong><em>μέρους,</em></strong></span> <span class='ocrx_word' id='word_1_206' title='bbox 672 2725 851 2798; x_wconf 81' lang='grc' dir='ltr'><strong><em>ἀπολαύων</em></strong></span> <span class='ocrx_word' id='word_1_207' title='bbox 879 2729 940 2817; x_wconf 76' lang='grc' dir='ltr'><strong><em>μέν</em></strong></span> <span class='ocrx_word' id='word_1_208' title='bbox 962 2737 1088 2810; x_wconf 87' lang='grc' dir='ltr'><strong><em>τελείας</em></strong></span> 
     </span>
     <span class='ocr_line' id='line_1_26' title="bbox 33 2832 1087 2927; baseline -0.004 -21"><span class='ocrx_word' id='word_1_209' title='bbox 33 2842 126 2927; x_wconf 76' lang='grc' dir='ltr'><strong><em>κτῆς</em></strong></span> <span class='ocrx_word' id='word_1_210' title='bbox 153 2839 266 2925; x_wconf 78' lang='grc' dir='ltr'><strong><em>τιμῆς,</em></strong></span> <span class='ocrx_word' id='word_1_211' title='bbox 294 2839 438 2925; x_wconf 82' lang='grc' dir='ltr'><strong><em>μετέχων</em></strong></span> <span class='ocrx_word' id='word_1_212' title='bbox 462 2836 499 2905; x_wconf 73' lang='grc' dir='ltr'><strong><em>δὲ</em></strong></span> <span class='ocrx_word' id='word_1_213' title='bbox 523 2841 660 2906; x_wconf 83' lang='grc' dir='ltr'><strong><em>ἔλαττον</em></strong></span> <span class='ocrx_word' id='word_1_214' title='bbox 682 2839 750 2904; x_wconf 91' lang='grc' dir='ltr'><strong><em>τῶν</em></strong></span> <span class='ocrx_word' id='word_1_215' title='bbox 779 2832 824 2905; x_wconf 83' lang='grc' dir='ltr'><strong><em>ἐπ’</em></strong></span> <span class='ocrx_word' id='word_1_216' title='bbox 856 2833 939 2926; x_wconf 77' lang='grc' dir='ltr'><strong><em>αὐτῇ</em></strong></span> <span class='ocrx_word' id='word_1_217' title='bbox 962 2836 1087 2905; x_wconf 86' lang='grc' dir='ltr'><strong><em>πόνων.</em></strong></span> 
     </span>
    </p>
   </div>
   <div class='ocr_carea' id='block_1_4' title="bbox 38 2980 1090 3595">
    <p class='ocr_par' dir='ltr' id='par_1_13' title="bbox 67 2980 1089 3457">
     <span class='ocr_line' id='line_1_27' title="bbox 139 2980 1088 3054; baseline -0.005 -13"><span class='ocrx_word' id='word_1_218' title='bbox 139 2994 152 3040; x_wconf 90' lang='grc'>1</span> <span class='ocrx_word' id='word_1_219' title='bbox 171 2980 354 3054; x_wconf 78' lang='grc' dir='ltr'><strong><em>πεντήκοντα</em></strong></span> <span class='ocrx_word' id='word_1_220' title='bbox 371 2989 543 3053; x_wconf 67' lang='grc' dir='ltr'><strong><em>μναῐςΒελτ.</em></strong></span> <span class='ocrx_word' id='word_1_221' title='bbox 556 2993 584 3040; x_wconf 80' lang='lat' dir='ltr'><strong><em>et</em></strong></span> <span class='ocrx_word' id='word_1_222' title='bbox 597 2987 731 3054; x_wconf 80' lang='lat' dir='ltr'>Cobetus]</span> <span class='ocrx_word' id='word_1_223' title='bbox 749 2986 823 3053; x_wconf 82' lang='grc' dir='ltr'><strong><em>μνᾶς</em></strong></span> <span class='ocrx_word' id='word_1_224' title='bbox 838 2987 842 3053; x_wconf 95' lang='grc' dir='ltr'>Ι</span> <span class='ocrx_word' id='word_1_225' title='bbox 863 2984 910 3054; x_wconf 78' lang='grc' dir='ltr'><strong><em>δὴ]</em></strong></span> <span class='ocrx_word' id='word_1_226' title='bbox 929 2982 963 3038; x_wconf 70' lang='grc' dir='ltr'><strong><em>δὲ</em></strong></span> <span class='ocrx_word' id='word_1_227' title='bbox 977 2988 1007 3041; x_wconf 87' lang='lat' dir='ltr'><strong><em>V.</em></strong></span> <span class='ocrx_word' id='word_1_228' title='bbox 1034 2987 1088 3036; x_wconf 87' lang='lat' dir='ltr'><strong><em>Pro</em></strong></span> 
     </span>
     <span class='ocr_line' id='line_1_28' title="bbox 68 3045 1088 3125; baseline -0.009 -15"><span class='ocrx_word' id='word_1_229' title='bbox 68 3055 106 3125; x_wconf 83' lang='grc' dir='ltr'><strong><em>δὴ</em></strong></span> <span class='ocrx_word' id='word_1_230' title='bbox 125 3056 177 3116; x_wconf 79' lang='grc' dir='ltr'><strong><em>καί</em></strong></span> <span class='ocrx_word' id='word_1_231' title='bbox 195 3057 288 3107; x_wconf 83' lang='lat' dir='ltr'><strong>malim</strong></span> <span class='ocrx_word' id='word_1_232' title='bbox 307 3045 383 3118; x_wconf 74' lang='grc' dir='ltr'><strong><em>ἀντὶ,</em></strong></span> <span class='ocrx_word' id='word_1_233' title='bbox 402 3057 469 3106; x_wconf 79' lang='lat' dir='ltr'><strong>Rsk.</strong></span> <span class='ocrx_word' id='word_1_234' title='bbox 489 3048 605 3121; x_wconf 87' lang='grc' dir='ltr'><strong><em>φαόλου</em></strong></span> <span class='ocrx_word' id='word_1_235' title='bbox 623 3061 685 3122; x_wconf 82' lang='lat' dir='ltr'>post</span> <span class='ocrx_word' id='word_1_236' title='bbox 702 3047 834 3124; x_wconf 79' lang='grc' dir='ltr'><strong><em>ἠγάπησε</em></strong></span> <span class='ocrx_word' id='word_1_237' title='bbox 848 3054 986 3106; x_wconf 80' lang='lat' dir='ltr'><strong>excidisse</strong></span> <span class='ocrx_word' id='word_1_238' title='bbox 1005 3058 1088 3119; x_wconf 76' lang='lat' dir='ltr'><strong>putat</strong></span> 
     </span>
     <span class='ocr_line' id='line_1_29' title="bbox 69 3115 1088 3191; baseline -0.006 -14"><span class='ocrx_word' id='word_1_239' title='bbox 69 3119 172 3178; x_wconf 72' lang='grc' dir='ltr'><strong><em>ὃὸδέ</em></strong></span> <span class='ocrx_word' id='word_1_240' title='bbox 192 3121 227 3191; x_wconf 93' lang='lat' dir='ltr'><strong><em>V]</em></strong></span> <span class='ocrx_word' id='word_1_241' title='bbox 254 3115 335 3188; x_wconf 82' lang='grc' dir='ltr'><strong><em>ὁδὴ.</em></strong></span> <span class='ocrx_word' id='word_1_242' title='bbox 370 3123 516 3174; x_wconf 82' lang='lat' dir='ltr'>Reiskius:</span> <span class='ocrx_word' id='word_1_243' title='bbox 538 3124 641 3188; x_wconf 76' lang='lat' dir='ltr'>„Lege</span> <span class='ocrx_word' id='word_1_244' title='bbox 663 3117 713 3175; x_wconf 89' lang='grc' dir='ltr'><strong><em>τὸν</em></strong></span> <span class='ocrx_word' id='word_1_245' title='bbox 738 3118 773 3174; x_wconf 71' lang='grc' dir='ltr'><strong><em>δέ</em></strong></span> <span class='ocrx_word' id='word_1_246' title='bbox 797 3130 825 3172; x_wconf 85' lang='lat' dir='ltr'><strong><em>et</em></strong></span> <span class='ocrx_word' id='word_1_247' title='bbox 847 3123 930 3188; x_wconf 83' lang='lat' dir='ltr'>paulo</span> <span class='ocrx_word' id='word_1_248' title='bbox 952 3126 1016 3186; x_wconf 78' lang='lat' dir='ltr'><strong>post</strong></span> <span class='ocrx_word' id='word_1_249' title='bbox 1039 3119 1088 3172; x_wconf 85' lang='grc' dir='ltr'><strong><em>δο-</em></strong></span> 
     </span>
     <span class='ocr_line' id='line_1_30' title="bbox 67 3180 1088 3254; baseline -0.008 -8"><span class='ocrx_word' id='word_1_250' title='bbox 67 3190 208 3247; x_wconf 49' lang='grc' dir='ltr'><strong><em>κοῦνταίι,</em></strong></span> <span class='ocrx_word' id='word_1_251' title='bbox 245 3193 282 3242; x_wconf 74' lang='grc' dir='ltr'><strong><em>Δί</em></strong></span> <span class='ocrx_word' id='word_1_252' title='bbox 300 3189 334 3241; x_wconf 81' lang='lat' dir='ltr'><strong><em>de</em></strong></span> <span class='ocrx_word' id='word_1_253' title='bbox 352 3192 522 3242; x_wconf 76' lang='lat' dir='ltr'><strong>nominativo</strong></span> <span class='ocrx_word' id='word_1_254' title='bbox 540 3191 595 3242; x_wconf 86' lang='lat' dir='ltr'>vid.</span> <span class='ocrx_word' id='word_1_255' title='bbox 614 3191 650 3240; x_wconf 78' lang='lat' dir='ltr'><strong><em>ad</em></strong></span> <span class='ocrx_word' id='word_1_256' title='bbox 668 3192 749 3243; x_wconf 79' lang='lat' dir='ltr'><strong>200ss</strong></span> <span class='ocrx_word' id='word_1_257' title='bbox 768 3195 797 3239; x_wconf 81' lang='lat' dir='ltr'><strong><em>et</em></strong></span> <span class='ocrx_word' id='word_1_258' title='bbox 814 3188 897 3241; x_wconf 80' lang='lat' dir='ltr'><strong>329A</strong></span> <span class='ocrx_word' id='word_1_259' title='bbox 966 3191 981 3239; x_wconf 83' lang='lat'>8</span> <span class='ocrx_word' id='word_1_260' title='bbox 1007 3180 1088 3254; x_wconf 76' lang='grc' dir='ltr'><strong><em>αὑτῷ</em></strong></span> 
     </span>
     <span class='ocr_line' id='line_1_31' title="bbox 68 3251 1088 3326; baseline -0.008 -14"><span class='ocrx_word' id='word_1_261' title='bbox 68 3252 315 3326; x_wconf 72' lang='grc' dir='ltr'><strong><em>8ο11κεί.]αυ’τῷ1</em></strong></span> <span class='ocrx_word' id='word_1_262' title='bbox 352 3251 369 3323; x_wconf 83' lang='grc' dir='ltr'>ὴ</span> <span class='ocrx_word' id='word_1_263' title='bbox 390 3257 451 3308; x_wconf 84' lang='lat' dir='ltr'>add.</span> <span class='ocrx_word' id='word_1_264' title='bbox 470 3260 502 3310; x_wconf 92' lang='lat' dir='ltr'><strong><em>V.</em></strong></span> <span class='ocrx_word' id='word_1_265' title='bbox 526 3258 582 3309; x_wconf 83' lang='lat' dir='ltr'>vid.</span> <span class='ocrx_word' id='word_1_266' title='bbox 602 3259 667 3310; x_wconf 89' lang='grc' dir='ltr'><strong><em>2οΑ</em></strong></span> <span class='ocrx_word' id='word_1_267' title='bbox 737 3259 767 3307; x_wconf 95' lang='grc'><strong><em>11</em></strong></span> <span class='ocrx_word' id='word_1_268' title='bbox 786 3258 884 3321; x_wconf 83' lang='grc' dir='ltr'><strong><em>κρινεῖ</em></strong></span> <span class='ocrx_word' id='word_1_269' title='bbox 899 3252 975 3321; x_wconf 68' lang='lat' dir='ltr'>Rak]</span> <span class='ocrx_word' id='word_1_270' title='bbox 995 3254 1088 3319; x_wconf 86' lang='grc' dir='ltr'><strong><em>κρίνει</em></strong></span> 
     </span>
     <span class='ocr_line' id='line_1_32' title="bbox 69 3275 1085 3401; baseline -0.006 -22"><span class='ocrx_word' id='word_1_271' title='bbox 69 3332 102 3379; x_wconf 92' lang='grc'><strong><em>12</em></strong></span> <span class='ocrx_word' id='word_1_272' title='bbox 131 3319 205 3392; x_wconf 79' lang='grc' dir='ltr'><strong><em>καλὴ</em></strong></span> <span class='ocrx_word' id='word_1_273' title='bbox 233 3327 291 3377; x_wconf 85' lang='lat' dir='ltr'><strong><em>VM</em></strong></span> <span class='ocrx_word' id='word_1_274' title='bbox 328 3275 542 3389; x_wconf 59' lang='lat' dir='ltr'><strong><em>Kdlvuttelffic</em></strong></span> <span class='ocrx_word' id='word_1_275' title='bbox 570 3320 616 3377; x_wconf 70' lang='grc' dir='ltr'><strong><em>δὲ·</em></strong></span> <span class='ocrx_word' id='word_1_276' title='bbox 654 3317 799 3382; x_wconf 71' lang='grc' dir='ltr'><strong><em>λυσιτελὲς</em></strong></span> <span class='ocrx_word' id='word_1_277' title='bbox 830 3322 949 3401; x_wconf 39' lang='lat' dir='ltr'>Pet3et</span> <span class='ocrx_word' id='word_1_278' title='bbox 981 3319 1085 3387; x_wconf 82' lang='lat' dir='ltr'>Wytt.]</span> 
     </span>
     <span class='ocr_line' id='line_1_33' title="bbox 68 3385 1089 3457; baseline -0.007 -10"><span class='ocrx_word' id='word_1_279' title='bbox 68 3389 237 3454; x_wconf 72' lang='grc' dir='ltr'><strong><em>ἀλυσιτελὲς</em></strong></span> <span class='ocrx_word' id='word_1_280' title='bbox 324 3395 357 3443; x_wconf 84' lang='grc'><strong><em>14</em></strong></span> <span class='ocrx_word' id='word_1_281' title='bbox 375 3398 403 3443; x_wconf 76' lang='grc' dir='ltr'><strong><em>ολ</em></strong></span> <span class='ocrx_word' id='word_1_282' title='bbox 422 3395 453 3443; x_wconf 80' lang='lat'><strong><em>15</em></strong></span> <span class='ocrx_word' id='word_1_283' title='bbox 482 3389 553 3444; x_wconf 75' lang='grc' dir='ltr'><strong><em>καθ’</em></strong></span> <span class='ocrx_word' id='word_1_284' title='bbox 579 3385 655 3445; x_wconf 78' lang='grc' dir='ltr'><strong><em>αὑτῶ</em></strong></span> <span class='ocrx_word' id='word_1_285' title='bbox 678 3393 703 3444; x_wconf 97' lang='lat' dir='ltr'>V</span> <span class='ocrx_word' id='word_1_286' title='bbox 808 3392 840 3441; x_wconf 86' lang='grc'><strong><em>16</em></strong></span> <span class='ocrx_word' id='word_1_287' title='bbox 870 3408 909 3457; x_wconf 83' lang='grc' dir='ltr'><strong><em>μη</em></strong></span> <span class='ocrx_word' id='word_1_288' title='bbox 938 3385 972 3442; x_wconf 68' lang='grc' dir='ltr'><strong><em>δὲ</em></strong></span> <span class='ocrx_word' id='word_1_289' title='bbox 1000 3404 1089 3454; x_wconf 43' lang='grc' dir='ltr'><strong><em>προσ*</em></strong></span> 
     </span>
    </p>

    <p class='ocr_par' dir='ltr' id='par_1_14' title="bbox 38 3449 1090 3595">
     <span class='ocr_line' id='line_1_34' title="bbox 38 3449 1088 3528; baseline -0.012 -11"><span class='ocrx_word' id='word_1_290' title='bbox 38 3474 42 3478; x_wconf 77' lang='grc'><em>’</em></span> <span class='ocrx_word' id='word_1_291' title='bbox 68 3461 159 3521; x_wconf 87' lang='grc' dir='ltr'><strong><em>όδους</em></strong></span> <span class='ocrx_word' id='word_1_292' title='bbox 177 3458 248 3528; x_wconf 90' lang='lat' dir='ltr'><strong><em>VM]</em></strong></span> <span class='ocrx_word' id='word_1_293' title='bbox 273 3455 311 3527; x_wconf 78' lang='grc' dir='ltr'><strong><em>μή</em></strong></span> <span class='ocrx_word' id='word_1_294' title='bbox 334 3454 495 3526; x_wconf 81' lang='grc' dir='ltr'><strong><em>προσόδους</em></strong></span> <span class='ocrx_word' id='word_1_295' title='bbox 581 3463 616 3511; x_wconf 90' lang='grc'><strong><em>20</em></strong></span> <span class='ocrx_word' id='word_1_296' title='bbox 639 3455 798 3523; x_wconf 80' lang='grc' dir='ltr'><strong><em>δυσμενῶς]</em></strong></span> <span class='ocrx_word' id='word_1_297' title='bbox 823 3450 877 3510; x_wconf 87' lang='grc' dir='ltr'><strong><em>δόο</em></strong></span> <span class='ocrx_word' id='word_1_298' title='bbox 899 3452 951 3524; x_wconf 71' lang='grc' dir='ltr'><strong><em>μὲν</em></strong></span> <span class='ocrx_word' id='word_1_299' title='bbox 975 3449 1012 3518; x_wconf 81' lang='grc' dir='ltr'><strong><em>ῶς</em></strong></span> <span class='ocrx_word' id='word_1_300' title='bbox 1029 3458 1088 3509; x_wconf 89' lang='lat' dir='ltr'><strong><em>VM</em></strong></span> 
     </span>
     <span class='ocr_line' id='line_1_35' title="bbox 69 3521 1090 3595; baseline -0.01 -13"><span class='ocrx_word' id='word_1_301' title='bbox 69 3534 103 3583; x_wconf 85' lang='grc'><strong><em>21</em></strong></span> <span class='ocrx_word' id='word_1_302' title='bbox 126 3522 216 3595; x_wconf 79' lang='grc' dir='ltr'><strong><em>ἀπείη</em></strong></span> <span class='ocrx_word' id='word_1_303' title='bbox 235 3531 260 3582; x_wconf 97' lang='lat' dir='ltr'>V</span> <span class='ocrx_word' id='word_1_304' title='bbox 329 3531 361 3579; x_wconf 85' lang='grc'><strong><em>22</em></strong></span> <span class='ocrx_word' id='word_1_305' title='bbox 385 3522 419 3580; x_wconf 73' lang='grc' dir='ltr'><strong><em>δέ</em></strong></span> <span class='ocrx_word' id='word_1_306' title='bbox 443 3527 499 3579; x_wconf 89' lang='grc' dir='ltr'><strong><em>τῶν</em></strong></span> <span class='ocrx_word' id='word_1_307' title='bbox 522 3525 630 3593; x_wconf 86' lang='grc' dir='ltr'><strong><em>μικρῶν</em></strong></span> <span class='ocrx_word' id='word_1_308' title='bbox 652 3523 702 3578; x_wconf 81' lang='grc' dir='ltr'><strong><em>καλ</em></strong></span> <span class='ocrx_word' id='word_1_309' title='bbox 721 3523 756 3591; x_wconf 89' lang='lat' dir='ltr'><strong><em>V]</em></strong></span> <span class='ocrx_word' id='word_1_310' title='bbox 782 3521 814 3578; x_wconf 69' lang='grc' dir='ltr'><strong><em>δὲ</em></strong></span> <span class='ocrx_word' id='word_1_311' title='bbox 833 3523 882 3578; x_wconf 80' lang='grc' dir='ltr'><strong><em>καλ</em></strong></span> <span class='ocrx_word' id='word_1_312' title='bbox 906 3524 962 3578; x_wconf 89' lang='grc' dir='ltr'><strong><em>τῶν</em></strong></span> <span class='ocrx_word' id='word_1_313' title='bbox 980 3523 1090 3591; x_wconf 85' lang='grc' dir='ltr'><strong><em>μικρῶν</em></strong></span> 
     </span>
    </p>
   </div>
   <div class='ocr_carea' id='block_1_5' title="bbox 0 0 1216 3856">
    <p class='ocr_par' dir='ltr' id='par_1_15' title="bbox 0 0 1216 3856">
     <span class='ocr_line' id='line_1_36' title="bbox 0 0 1216 3856; baseline 0 0"><span class='ocrx_word' id='word_1_314' title='bbox 0 0 1216 3856; x_wconf 95' lang='lat' dir='ltr'><strong><em> </em></strong></span> 
     </span>
    </p>
   </div>
  </div>
 </body>
</html>
