2446 3870
129 178 192 241 202
428 181 572 231 mmm
593 179 842 230 ιαεεειυοειε

129 313 236 395 λαβον
262 303 324 394 τήν
351 305 558 394 τελειοτάτην
584 309 653 374 τῶν
680 308 817 393 καρπῶν
849 300 1007 374 ἁπάντων
1035 301 1147 392 άκμήν

129 415 185 482 καὶ
205 418 339 499 φθίσιν·
367 411 471 480 ταῦτά
489 438 541 480 τοι
559 414 614 481 καὶ
634 411 828 499 φθινούσης
850 407 916 499 ήδη
935 414 993 498 τής
1012 407 1147 500 ὀπώρας

131 515 252 606 άγονσι
278 516 337 599 τὰς
359 515 431 587 κατ’
461 516 618 587 ἐνιαυτὸν
636 523 830 605 νουμηνίας.
877 516 914 585 οί
937 516 974 585 δὲ
992 512 1146 606 ἡμέτεροι

131 625 338 714 προπάτορες
365 621 422 692 ἄπ’
457 621 563 693 αὐτοῦ
593 627 655 692 τοῦ
685 625 863 693 θειοτάτου
897 625 1057 711 βασιλέως
1084 626 1147 692 τοῦ

131 731 232 819 Νόμοι
264 731 420 818 μειζόνως
452 737 499 799 ἔτι
530 729 591 799 τὸν
626 729 711 799 θεὸν
742 733 865 799 τοῦτον
897 729 1073 817 σεβόμενοι
1105 728 1172 798 τάτ

131 837 192 925 μὲν
218 840 277 925 τῆς
304 842 414 926 χρείας
441 835 613 924 ἀπέλιπον,
641 834 697 905 άτε
725 834 817 925 οἶμαι
844 835 945 924 φύσει
972 846 1063 905 θεῖοι
1090 838 1146 905 καὶ

132 945 277 1033 περιττοὶ
304 942 367 1031 τήν
398 945 568 1031 διάνοιαν,
600 939 705 1012 αὐτὸν
736 943 774 1011 δὲ
805 941 899 1011 εἶδον
929 941 1065 1011 τούτων
1084 939 1146 1011 τόν

78 1058 244 1119 Ῑοοαίτιον
271 1052 327 1118 καὶ
359 1048 454 1137 άγειν
482 1051 600 1131 ἔταξαν
633 1048 823 1137 συμφώνως
856 1051 892 1116 ἐν
923 1051 964 1138 τή
990 1047 1145 1136 παρούσῃ

130 1159 198 1224 τῶν
226 1151 324 1244 ὡρῶν
351 1153 413 1243 τήν
440 1163 643 1244 νουμηνίαν,
677 1151 775 1224 ὁπότε
807 1150 825 1223 5
854 1151 1012 1242 βασιλεὺς
1030 1151 1146 1235 Ἥλιος

132 1253 233 1342 αὖθις
260 1261 420 1348 ἐπανάγει
446 1261 529 1350 πρὸς
555 1257 641 1349 ήμᾶς
668 1258 766 1349 άφεὶς
792 1264 850 1349 τής
873 1265 1078 1350 μεσημβρίας
1105 1258 1147 1329 τά
1161 1283 1187 1322 10

132 1373 251 1455 ἔσχατα
269 1369 325 1435 καὶ
344 1364 454 1457 ὥσπερ
472 1369 547 1456 περὶ
565 1367 697 1437 νύσσαν
714 1366 774 1436 τὸν
792 1369 996 1455 αίγοκέρωτα
1015 1367 1147 1454 κάμψας

131 1469 196 1541 άπὸ
223 1476 284 1541 τοῦ
311 1473 414 1542 νότου
441 1472 525 1564 πρὸς
551 1473 612 1542 τὸν
638 1477 766 1563 βορρᾶν
795 1479 922 1561 ἔρχεται
945 1472 1147 1561 μεταδώσων

131 1573 212 1666 ἡμῖν
238 1582 306 1647 τῶν
335 1581 425 1648 ἐπετε

131 1688 252 1754 ἐκεῖνοι
281 1690 518 1774 διανοηθέντες
536 1684 642 1767 οὕτως
670 1684 888 1775 ἐνεστήσαντο
912 1684 973 1775 τήν
1000 1686 1148 1754 ἐπέτειον

131 1800 335 1880 νουμηνίαν,
373 1792 508 1863 ἐνθένδ’
547 1790 591 1862 άν
626 1820 676 1874 τις
711 1791 956 1880 κατανοήσειεν.
1006 1788 1047 1860 ού
1079 1790 1145 1880 γάρ
1161 1812 1185 1852 15

93 1981 97 1997 ‚
132 1897 224 1986 οἶμαι
251 1896 330 1969 καθ’
360 1896 404 1987 ήν
431 1895 558 1991 ήμέραν
586 1895 604 1968 5
631 1897 712 1980 θεὸς
738 1900 900 1988 τρέπεται,
928 1894 1008 1967 καθ’
1038 1894 1082 1985 ἣν
1110 1897 1148 1968 δὲ

90 2017 202 2087 Βτοίς
229 2009 332 2075 πᾶσιν
359 2005 510 2096 ἐμφανής
538 2012 665 2093 γίνεται
691 2007 810 2094 χωρῶν
842 2001 906 2074 άπὸ
939 2006 997 2093 τής
1024 2025 1147 2092 μεσημ-

131 2119 229 2202 βρίας
248 2116 280 2194 ἐς
307 2111 365 2194 τὰς
392 2111 536 2201 άρκτους
555 2115 673 2193 ἔταξαν
693 2103 785 2180 οὗτοι
803 2109 865 2199 τήν
884 2110 1011 2202 ἑορτήν.
1053 2108 1146 2180 ούπω

131 2218 193 2305 μὲν
220 2217 283 2307 γάρ
311 2211 355 2306 ήν
383 2216 498 2300 αὐτοῖς
524 2215 544 2307 ή
572 2222 641 2287 τῶν
659 2216 816 2287 κανόνων
842 2217 998 2306 λεπτότης
1026 2216 1147 2306 γνώρι-

132 2349 203 2409 μος,
231 2320 291 2403 οὓς
319 2326 461 2414 ἐξηῦρον
492 2324 554 2412 μέν
581 2330 745 2394 Χαλδαῖοι
776 2326 832 2392 καὶ
860 2324 1054 2410 Αἰγύπτιοι,
1078 2320 1186 2392 ‘'Iu-20

131 2453 257 2518 παρχος
285 2428 322 2496 δὲ
349 2431 404 2498 καὶ
422 2438 628 2518 Πτολεμαῖος
644 2429 887 2517 ἐτελειύσαντο,
914 2435 1086 2519 κρίνοντες
1110 2429 1148 2498 δὲ

132 2535 288 2624 αἰσθήσει
307 2550 376 2616 τοῖς
395 2539 612 2625 φαινομένοις
630 2535 855 2625 ήκοίούθουν.
879 2534 967 2605 οὕτω
987 2535 1024 2605 δὲ
1042 2539 1147 2604 ταῦτα

131 2642 187 2708 καὶ
214 2638 304 2729 παρά
331 2645 399 2710 των
425 2645 718 2734 μεταγενεστέρων,
747 2640 791 2725 ὥς
809 2651 906 2732 έφην,
934 2648 1053 2731 ἔχοντα
1070 2671 1147 2712 κατ-

132 2747 268 2836 ενοήθη.
313 2747 378 2838 πρὸ
410 2751 469 2836 τής
500 2756 700 2838 νουμηνίας,
734 2747 862 2832 εὐθέως
893 2747 972 2837 μετά
1005 2747 1064 2819 τὸν
1096 2777 1146 2818 τε-

132 2863 286 2924 λευταῖον
312 2857 375 2923 τού
393 2855 530 2944 Κρόνον
548 2859 648 2944 μήνα,
671 2860 835 2945 ποιοῦμεν
858 2852 958 2947 Ἡλίῳ
977 2854 1037 2925 τὸν
1055 2883 1146 2945 περι·
1161 2873 1186 2912 25

91 2975 113 3030 O
133 2964 343 3050 φανέστατον
362 2958 487 3050 άγῶνα,
515 2960 578 3049 τήν
597 2961 716 3051 ἑορτήν
739 2959 840 3055 Ἡλίῳ
858 2968 1148 3050 καταφημίσαντες

132 3064 288 3160 άνικήτμ,
316 3065 392 3156 μεθ’
424 3065 465 3137 δν
492 3065 594 3137 οὐδὲν
620 3070 719 3156 θέμις
746 3061 794 3137 ὦν
822 3066 840 3138 5
867 3077 1055 3150 τελευταῖος
1081 3067 1148 3156 μὴν

132 3179 196 3262 ἔχει
225 3178 438 3263 σκυθρωπῶν
465 3176 541 3262 μέν,
573 3171 767 3262 ἀναγκαίων
799 3172 830 3245 δ’
871 3172 975 3263 ὅμως,
1008 3178 1148 3244 ἐπιτελε-

216 3347 301 3396 4et5
319 3342 371 3397 τού
389 3337 478 3412 Νόμα
495 3342 532 3412 H]
552 3345 617 3396 libri
635 3352 663 3397 et
680 3346 741 3396 edd.
759 3351 893 3411 utsupra
911 3347 934 3396 A
1015 3347 1030 3395 7
1055 3339 1148 3408 εἶδον]

133 3406 245 3469 ἰδόντες
260 3413 325 3463 libri
378 3415 408 3462 11
427 3410 492 3480 περὶ
506 3430 558 3464 om.
570 3414 637 3463 libri
690 3417 722 3465 15
740 3412 903 3480 νουμηνίαν
916 3409 952 3480 G]
970 3410 1145 3479 νεομηνίανΙ

132 3469 248 3530 ἐνθένδ’
264 3476 300 3544 Η]
314 3475 411 3531 ἔνθεν.
430 3482 486 3532 vid.
497 3482 531 3531 ad
545 3482 620 3532 132ss
675 3483 705 3532 18
720 3468 801 3532 οὗτοι
812 3483 850 3540 Η]
864 3472 937 3532 οὕτω
978 3484 1011 3532 20
1024 3472 1148 3546 ἐξηῦρον

120 3538 298 3610 Ηγέξεύρον
344 3550 377 3599 23
396 3543 485 3616 παρά]
505 3546 570 3611 περὶ
588 3547 651 3600 libri
704 3552 737 3599 24
754 3548 914 3614 νουμηνίας
934 3546 969 3614 G]
987 3547 1144 3614 νεομηνίας
