2446 3870
146 162 206 228 116
445 163 590 215 IULIANI
610 163 857 215 IMPERATORIS

144 290 238 361 ἀλλοι
267 291 304 361 δέ
332 287 552 380 ἀπαραίτητοι
569 297 689 379 κριταί,
717 293 786 381 τῶν
805 288 1019 378 ἀδικημάτων
1047 287 1161 379 ὀξεῖαν

143 401 199 468 καὶ
227 397 344 484 δεινὴν
372 397 550 483 ἐπάγοντες
583 402 682 485 δίκην
711 399 792 480 ζῶσί
815 384 850 465 τε
882 393 1078 483 ἀνθρώποις
1105 400 1162 466 καὶ

144 503 346 599 ἀπολυθετσι
377 506 446 589 τῶν
478 503 656 590 σωμάτων,
689 507 725 573 οί
755 503 792 571 δὲ
825 500 934 591 ῶσπερ
967 502 1080 591 δήμιοι
1113 530 1162 595 τι-

105 618 255 703 Ομωροί
278 637 366 692 τινες
391 610 448 679 καὶ
476 597 711 700 άποπληρωταὶ
729 612 797 678 τῶν
825 610 1065 695 δικασθέντων,
1094 611 1162 679 έτε-

144 745 207 808 ρον
234 721 301 785 τῶν
329 716 471 812 φαύλων
497 718 553 785 καὶ
582 713 736 804 ἀνοήτων
769 715 942 802 δαιμόνων
968 714 1005 784 τὸ
1035 718 1191 802 φῦλονε

145 821 165 892 ἁ
194 821 236 912 δὴ
265 825 425 911 μιμητέον
452 826 498 915 τῷ
526 829 671 914 γενναίῳ
699 824 754 891 καλ
771 830 950 911 θεοφιλεῖ,
982 823 1038 891 καὶ
1066 850 1162 911 μετα-

145 932 263 1017 δοτέον
299 938 434 1013 πολλοῖς
471 929 532 1019 μὲν
569 927 687 1018 ἀρετῆς
723 927 779 997 διά
817 934 930 1016 φιλίας
966 931 1000 1010 ἐς
1034 929 1161 1016 ταύτην

143 1034 207 1125 τὴν
234 1043 428 1122 κοινωνίαν,
456 1032 560 1125 ἀρχάς
578 1035 615 1104 δὲ
635 1037 845 1124 ἐπιτρεπτέον
873 1039 996 1116 οἰκείας
1019 1034 1161 1104 ἑκάστου

144 1146 184 1232 τῇ
213 1143 314 1231 φύσει
341 1144 398 1212 καὶ
425 1144 627 1231 προαιρέσει,
655 1144 702 1233 τῷ
730 1135 801 1229 μὲν
819 1138 986 1228 άνδρῶδει
1013 1141 1068 1209 καὶ
1087 1151 1162 1210 τολ-

145 1252 240 1341 μηρῷ
267 1251 324 1316 καὶ
356 1248 580 1338 μεγαλοθάμῳ
613 1245 693 1334 μετὰ
721 1250 883 1330 ξυνέσεως
915 1247 1162 1338 στρατιωτικάς,
1178 1280 1202 1319 10

146 1352 192 1422 ἵν’
223 1360 270 1433 είς
303 1355 382 1422 δέον
414 1360 472 1442 έχη
504 1356 550 1445 τῷ
582 1357 683 1446 θυμῷ
716 1356 862 1441 χρῆσθαι
894 1355 950 1422 καὶ
982 1357 1022 1442 τῇ
1056 1353 1162 1443 ρὀίμη,

144 1463 191 1552 τῷ
220 1465 338 1552 δικαίῳ
368 1459 405 1529 δὲ
438 1461 493 1528 καὶ
525 1460 619 1550 πρᾴῳ
652 1461 708 1528 καὶ
737 1460 968 1552 φιλανθρώπῳ
996 1462 1052 1529 καὶ
1079 1459 1164 1550 πρὸς

101 1564 259 1635 Βοίκτον
288 1563 431 1657 εὐχερῶς
459 1567 669 1658 έπικλωμένῳ
697 1569 765 1634 τῶν
783 1570 962 1636 πολιτικῶν
990 1564 1048 1647 τὰς
1075 1563 1163 1656 ἀμφὶ

144 1670 185 1742 τά
218 1673 491 1761 συναλλάγματα,
529 1679 691 1761 βοηθείας
722 1687 793 1752 τοῖς
821 1668 1073 1761 ἀσθενεστέροις
1106 1676 1163 1742 καὶ

145 1775 385 1868 ἁπλουστέροις
425 1779 666 1867 μηχανώμενον
702 1781 759 1848 καὶ
800 1781 918 1866 πένησι
959 1776 1043 1867 πρὸς
1082 1778 1163 1861 τοὺς
1178 1810 1202 1851 15

146 1883 306 1976 ἰσχυροὺς
338 1888 394 1955 καὶ
428 1883 622 1967 ἀπατεῶνας
653 1887 709 1956 καὶ
741 1885 957 1974 πανούργους
984 1887 1040 1953 καὶ
1069 1887 1161 1955 έπαι-

145 1995 310 2082 ρομέυονς
336 2007 406 2074 τοῖς
438 1993 603 2084 χρήμασιν
641 1995 674 2074 ές
701 1990 737 2060 τὸ
772 1991 945 2079 βιάζεσθαι
977 1994 1034 2060 καὶ
1061 1987 1162 2082 ὑπερ-

146 2102 231 2188 οράν
258 2102 317 2187 τῆς
345 2105 450 2187 δίκης,
478 2101 524 2192 τῷ
544 2099 581 2168 δέ
600 2101 633 2180 ἐξ
652 2097 781 2187 ἀμφοῖν
809 2100 999 2189 κεκραμένῳ
1027 2099 1163 2185 μείζονά

144 2232 179 2273 τε
208 2208 245 2273 έν
272 2208 312 2293 τῇ
344 2205 438 2274 πόλει
470 2203 569 2292 τιμὴν
601 2206 657 2273 καὶ
690 2205 836 2291 δύναμιν
868 2206 1078 2295 περιθετέον,
1106 2202 1163 2274 καὶ

146 2307 237 2402 αὐτῷ
264 2308 324 2390 τὰς
347 2305 430 2398 ὑπὲρ
449 2313 517 2377 τῶν
541 2306 784 2398 ἁμαρτημάτων
811 2310 945 2399 κρίσεις,
970 2296 1025 2392 Ιοἷς
1052 2312 1163 2379 ἕπεται
1177 2342 1202 2381 ιο

93 2435 125 2482 91
146 2420 288 2504 τιμωρία
315 2416 371 2484 καλ
404 2414 540 2497 κόλασις
567 2421 699 2497 ένδικος
731 2415 782 2485 ἐπ’
814 2414 957 2506 ῶφελείῳ
989 2419 1057 2484 τῶν
1090 2414 1162 2486 ἀδι-

146 2523 333 2611 κουμένων,
362 2517 475 2610 ὀρθῶς
502 2518 544 2590 ἀν
563 2524 619 2590 καὶ
638 2524 815 2613 ἐμφρόνως
832 2528 1004 2610 λογίζοιτο.
1046 2530 1163 2611 κρίνας

146 2625 211 2716 γάρ
240 2623 257 2696 ὁ
287 2630 439 2709 τοιοῦτος
467 2625 655 2711 ἀδεκάστως
674 2627 741 2718 ἁμα
759 2643 830 2710 τοῖς
858 2631 1033 2718 συνέδροις
1056 2653 1162 2721 παρα-

147 2733 247 2802 δῶσει
274 2737 320 2826 τῳ
354 2740 462 2826 δημίῳ
494 2733 535 2803 τὰ
568 2739 764 2821 γνωσθέντα
797 2738 972 2822 ἐπιτελεῖν,
1001 2732 1079 2804 οὔτε
1106 2733 1163 2805 διὰ

145 2844 261 2929 θυμοῦ
289 2843 432 2930 μέγεθος
460 2838 537 2910 οὔτε
555 2840 612 2910 διά
631 2848 797 2930 μαλακίαν
824 2845 932 2929 ψυχῆς
960 2837 1162 2932 ἁμαρτάνων
1176 2870 1200 2910 ει

214 2998 229 3046 7
252 2996 307 3060 „R
325 2996 443 3054 πολλοῖς
461 2988 514 3073 μὲν
532 3010 583 3058 της
602 3010 707 3046 εαυτου
726 2985 830 3059 ἀρετῆς
849 2990 899 3045 διά
918 2993 1019 3059 φιλίας
1039 2992 1095 3059 (vel
1114 3012 1163 3060 φι-

147 3061 228 3127 λίαν)
252 3032 295 3122 έίς
319 3056 427 3141 ταύτην
450 3079 504 3127 την
526 3058 682 3114 κοινωνίαν
705 3062 967 3143 προσληφθειοινέι
992 3062 1060 3112 Rsk.
1132 3064 1163 3112 10

146 3124 352 3212 στρατιωτικάς
369 3128 440 3196 Pet]
459 3127 664 3194 στρατιωτικῆς
733 3132 766 3179 16
784 3121 1039 3195 ἕπαιρομένους]έ
1040 3145 1163 3181 παινου

146 3195 251 3278 μένρυς
269 3199 294 3249 V
363 3200 396 3249 18
419 3193 605 3264 κεκραμμένω
622 3200 647 3250 V
717 3199 748 3247 19
770 3212 801 3248 τε
826 3202 874 3247 aut
897 3197 1004 3247 deleam
1028 3203 1077 3248 aut
1099 3202 1163 3263 post

146 3264 370 3399 ἁὰμὰἁγὰἁὰἁιὰι
378 3265 699 3411 Εἰνὶἰὰοοὰἁὰηὰἁιωθᾱεεὰῗ
711 3257 1163 3398 (ἁεοίάάεὰεκὰἁίᾶῗὰιὰιόλὰἁιεςιοὰ

147 3400 267 3451 fortasse
291 3393 450 3482 ἐπιτρέπων
474 3405 557 3478 post
560 3391 776 3479 ἀδικουμένων·
803 3400 868 3455 Rsk.
897 3406 978 3466 putat
999 3397 1164 3467 περιτιθεὶς

141 3483 196 3544 ero
218 3465 391 3544 περιθετέον
415 3474 496 3548 atque
519 3457 611 3547 αάτρλς
634 3483 683 3546 pro
707 3458 785 3548 αὐτῷ
809 3483 870 3519 esse
889 3468 1061 3519 scribendum
1131 3471 1164 3519 23

133 3524 156 3580 o‘
170 3532 308 3594 τοιοντος
326 3525 494 3630 ἀδεκάστως
511 3533 547 3602 V]
568 3525 763 3594 άδεκάστως
750 3551 764 3585 ο
784 3534 913 3594 τοιοῦτος
