2416 3864
474 141 609 192 οιυιειο
628 141 690 194 vn.
980 123 984 130 '
1017 141 1080 205 305

61 273 131 338 των
158 270 271 337 καλῶν
297 273 445 356 νομίζειν
471 263 637 356 ἡγεμόνας
655 271 841 338 ἐδίδασκεν.
882 274 914 336 εί
935 268 997 356 μὲν
1016 261 1080 339 οὖν

62 405 94 445 τι
127 372 301 464 προύργου
337 380 531 462 πεποίηκεν,
568 371 670 456 αύτὸς
702 371 745 442 ἀν
781 380 884 461 είθείη
923 376 978 443 καὶ
1013 375 1079 463 πρὸ

61 482 186 552 τούτου
228 507 266 567 γε
303 483 339 549 οί
376 487 524 568 βασιλεῖς
563 487 653 549 θεοί·
693 482 785 550 τουτὶ
823 478 861 549 δὲ
898 480 1004 571 ἐξῄρει
1040 481 1078 551 τὸ

63 590 229 677 μανιῶδες
256 587 312 654 καὶ
330 588 457 675 θρασύ,
484 587 539 656 καὶ
558 588 711 678 ἐπειρᾶτό
738 614 778 676 με
796 601 906 656 ποιεῖν
932 590 1080 676 ἐμαυτοῦ

35 694 349 784 εσωφρονέστερον.
395 691 459 780 ἐγὼ
488 691 525 761 δὲ
543 699 671 783 καίπερ,
700 689 745 775 ὡς
763 691 877 780 οἶσθα,
903 707 974 775 τοῖς
1002 696 1080 775 ἐξω-

62 813 128 870 θεν
154 799 437 887 πλεονεκτήμασιν
456 801 681 887 ἐπτερωμένος
699 795 844 881 ὑπέταξα
863 797 952 887 ὅμως
980 801 1079 888 ε’μαυ-

61 905 123 976 τὸν
163 909 210 997 τῷ
252 905 460 993 καθηγεμόνι
500 907 556 974 καί
592 919 663 987 τοῖς
703 908 835 975 ἐκείνου
872 913 983 995 φίλοις
1023 909 1118 980 καὶΟ

62 1010 255 1102 ἡλικιώταις
281 1012 337 1081 καὶ
357 1027 608 1100 συμφοιτηταῖς,
625 1014 691 1081 καὶ
712 1003 761 1081 οἷν
778 1010 906 1101 ἡκουον
925 1015 1080 1082 ἐπαινου-

63 1121 176 1209 μένων
202 1115 281 1205 παρ’
313 1115 429 1205 αύτού,
457 1118 588 1187 τούτων
606 1123 772 1188 ἔσπευδον
791 1115 956 1208 ἀκροατὴς
982 1117 1081 1205 εἶναι,

23 1251 51 1291 10
64 1227 120 1296 καὶ
148 1231 263 1313 βιβλία
290 1227 395 1293 ταῦτα
423 1221 688 1313 ἀνεγίγνωσκον,
722 1220 830 1295 ὁπόσα
852 1222 963 1307 αύτὸς
990 1231 1081 1295 δοκι-

64 1333 209 1421 μάσειεν.
242 1328 349 1412 οὕτως
376 1327 470 1419 ἡμεῖς
497 1326 559 1418 ὑφ’
589 1328 727 1420 ἡγεμόσι
754 1331 958 1420 τελούμενοι,
986 1342 1081 1420 φιλο-
1189 1363 1192 1367 ·

64 1438 162 1529 σόφφ
204 1437 265 1524 μὲν
305 1441 351 1527 τῷ
391 1436 431 1506 τὰ
463 1440 525 1525 τῆς
565 1444 785 1525 προπαιδείας
820 1465 860 1524 με
900 1440 1080 1525 τελέσαντι,

64 1542 330 1632 φιλοσοφωτάτφ
369 1542 406 1611 δὲ
437 1547 482 1634 τῷ
520 1542 560 1613 τὰ
597 1547 756 1632 πρόθυρα
787 1548 847 1631 τῆς
878 1551 1082 1631 φιλοσοφίας

66 1656 227 1735 δείξαντι,
264 1648 386 1737 σμικρὰ
421 1649 483 1736 μὲν
520 1648 576 1719 διὰ
612 1649 669 1732 τὰς
705 1653 832 1732 ἔξωθεν
864 1645 945 1738 ἡμῖν
978 1672 1081 1740 προσ-

24 1781 51 1821 ιε
65 1756 234 1837 πεσούσας
266 1752 437 1842 ἀσχολίας,
475 1753 565 1843 ὅμως
596 1755 627 1824 θ’
663 1747 727 1826 οὖν
758 1753 991 1844 ἀπελαύσαμεν
1023 1760 1082 1844 τὴς
1099 1775 1124 1827 D

67 1861 175 1951 όρθὴς
202 1859 350 1949 ἀγωγῆς,
379 1858 421 1930 ού
447 1860 509 1954 τὴν
537 1853 721 1950 σύντομού,
749 1858 792 1950 ἡν
819 1860 864 1930 σὺ
891 1862 970 1948 φής,
999 1859 1082 1931 ἀλλὰ

13 2021 17 2029 .
66 1966 129 2056 τὴν
161 1967 272 2059 κύκλῳ
306 1969 541 2056 πορευθέντες·
573 1975 681 2037 καίτοι
712 1965 755 2055 νὴ
786 1965 867 2048 τοὺς
892 1967 996 2048 θεοὺς
1028 1971 1081 2036 ἐπὶ

65 2073 129 2162 τὴν
157 2071 280 2163 ἀρετὴν
308 2071 400 2162 οἶμαι
429 2070 486 2143 ὅτι
508 2094 572 2142 σου
600 2075 856 2162 συντομωτέραν
883 2073 1081 2162 ἐτραπόμην.

67 2178 133 2266 ἐγω
161 2180 223 2267 μὲν
250 2177 314 2269 γάρ
342 2175 457 2269 αύτὴς,
485 2187 518 2250 εί
542 2178 587 2268 μὴ
607 2178 770 2268 φορτικὸν
789 2185 904 2266 εἰπεῖν,
933 2181 985 2248 ἐπὶ
1011 2195 1082 2261 τοῖς

25 2312 54 2351 εο
67 2286 258 2377 προθύροις
275 2289 407 2374 ἕστηκα,
426 2284 470 2355 σύ
489 2287 526 2356 δὲ
544 2287 600 2354 καὶ
617 2289 686 2355 τῶν
704 2286 889 2375 προθύρων
911 2283 943 2354 εί
959 2286 1082 2374 πόρρω.

65 2394 122 2462 σοί
150 2392 189 2461 δὲ
216 2389 336 2483 ἀρετὴς
362 2387 382 2480 ἡ
410 2405 482 2473 τοῖς
508 2406 581 2473 σοῖς
606 2389 765 2481 ἀδελφοῖς
796 2433 855 2479 -,
882 2389 1017 2481 ἀφελὼν
1045 2391 1083 2462 δὲ

65 2497 105 2567 τὸ
133 2498 316 2586 δύσφημον
342 2495 380 2567 τό
409 2498 607 2587 λειπόμενον
639 2495 741 2580 αύτὸς
768 2495 1025 2589 ἀναπλήρωσον·
1053 2506 1085 2568 εί

67 2604 184 2692 βούλει
208 2604 256 2689 δέ,
283 2605 339 2674 καί
357 2600 437 2690 παρ’
466 2599 562 2692 ἡμῶν
586 2601 669 2674 αύτὸ
689 2602 838 2693 ἀνάσχου
856 2606 971 2695 πρᾴως
990 2606 1082 2693 λεγό-

67 2736 190 2800 μενον,
206 2750 250 2758 -
272 2716 323 2790 τίς
349 2716 522 2798 μετουσίας
549 2712 654 2779 πᾶσιν
680 2713 831 2800 ἐπιτιμᾷς
848 2707 950 2792 αύτὸς
973 2709 1137 2786 αύδὲνναὶ
1178 2806 1179 2809 ¹

23 2836 54 2879 τε
69 2813 166 2897 ἀξιον
194 2818 335 2884 ἐπαίνου
361 2816 528 2906 πράττων,
556 2818 700 2898 ἐπαινεῖς
718 2819 885 2904 φορτικῶς
909 2812 953 2897 ὡς
972 2815 1084 2898 οὐδεὶς

66 2925 137 2990 τῶν
164 2918 407 3009 ἀμαθεστάτων
434 2921 597 3012 ῥητόρων,
626 2917 677 3004 οἷς
704 2920 761 2991 διὰ
787 2920 851 3009 πὴν
877 2925 945 2990 των
973 2922 1084 3008 λόγων

67 3025 216 3116 ἀπορίαν
247 3029 303 3096 καὶ
335 3026 374 3097 τὸ
406 3026 450 3116 μὴ
485 3033 572 3117 ἔχειν
600 3025 711 3117 εύρεῖν
744 3031 780 3096 ἐκ
811 3031 879 3096 τῶν
906 3028 1083 3115 παρόντων

67 3131 135 3219 ό,τι
168 3136 294 3220 φύσιν,
326 3129 347 3221 ἡ
380 3137 492 3221 Δὴλος
524 3135 692 3221 ἐπέρχεται
729 3134 784 3203 καὶ
817 3129 838 3221 ἡ
871 3131 970 3220 Λητιὸ
1003 3134 1083 3222 μετὰ

137 3370 252 3424 3τοντλ
270 3371 309 3437 Η]
329 3372 428 3425 τουτοϊ
495 3363 763 3452 6ἀνεπτερωμένος
780 3373 848 3428 (Σοὶ)
905 3376 937 3424 15
955 3367 1083 3429 ἀπελαύ-

69 3455 160 3506 σαμεν
183 3440 252 3492 Rsk.
272 3446 300 3490 et
289 3431 632 3558 Οοθ.ἡ)α’πηλαύοαμεν
717 3444 748 3492 21
773 3439 817 3493 σοί
836 3443 898 3496 Pet.
916 3441 1023 3522 sp.anh]
1048 3439 1083 3497 σύ

70 3507 94 3555 V
112 3513 167 3572 pet.
199 3511 204 3569 Ι
235 3498 346 3573 MV
419 3509 585 3558 emosthenis
605 3509 681 3558 locus
701 3511 741 3572 18,
763 3511 811 3561 128
830 3509 978 3576 respicitur

123 3607 228 3649 Iulianus
242 3609 261 3648 1.
842 3601 880 3650 Ἃ)

1162 3562 1200 3717 4.
