2408 3856
133 161 176 224 44
435 162 579 214 IULIANI
601 162 846 244 ΙΜΡΕβΔΤΟΒΙΒ

133 301 210 374 θαι,
241 291 363 357 τοῦτον
391 290 427 354 οί
450 285 513 374 τήν
537 285 650 357 Ἀσίαν
682 290 853 368 οἰκοῦντες
885 285 1062 379 ἀνθρωττοι
1090 287 1146 378 ἐφ’
1193 354 1195 357 .

134 391 259 476 αὑτοὺς
290 392 470 485 ῶρμῆσθαε
492 396 629 476 πάντως
653 390 838 482 ὑπέλαβον,
869 394 976 491 τούτῳ
1003 397 1148 484 πολεμή-

94 528 115 584 c
135 521 207 570 σειν
232 498 302 589 ήδη·
317 503 391 590 περὶ
418 503 477 588 τῆς
494 499 611 571 αὑτῶν
626 503 682 570 καί
700 502 829 590 Πέρσαι
855 501 1149 590 παρεσκευάζοντο.

134 603 153 676 ὁ
181 607 219 676 δὲ
237 603 338 698 μικρά
364 601 427 694 μὲν
445 605 593 693 ἐνόμιζεν
611 604 699 678 εἶναι
725 604 765 675 τά
788 606 938 695 παρόντα
965 608 1021 675 καί
1039 607 1150 677 πόνον
1181 656 1183 658 -

112 709 177 809 ςοά
214 711 323 783 πολὺν
354 709 413 802 τής
450 715 510 800 σῆς
541 719 708 793 συνέσεως
738 713 794 780 καί
832 711 944 801 ῥῶμης
975 715 1181 803 κρατήσωμεν

133 816 213 898 τοὺς
243 815 359 888 Ἰνδῶν
391 815 430 884 δδ
461 820 593 890 ἐσκόπει
624 818 792 900 πλούτους
823 820 880 886 καὶ
911 821 1054 907 Περσῶν
1086 817 1151 906 τήν

134 924 364 994 πολυτέλειαν·
393 923 479 1013 [καί]
506 928 670 996 τοσοῦτον
688 920 779 1015 αὑτῶ
806 926 926 1013 περιήν
949 920 1066 1005 ἀνοίας
1092 927 1151 993 καὶ

136 1030 289 1117 θράσους
315 1034 351 1100 ἐκ
378 1033 500 1122 μικροῦ
517 1034 687 1111 παντελῶς
713 1032 788 1119 περὶ
811 1027 891 1109 τοὺς
917 1029 1150 1111 κατασκόπους

134 1137 427 1224 πλεονεκτήματος,
456 1132 517 1219 οὓς
545 1133 759 1223 ἀφυλάκτους
777 1133 838 1223 ὅλη
861 1137 902 1223 τῇ
930 1138 1066 1225 στρατιᾷ
1093 1145 1149 1203 λο-

134 1240 238 1328 χήσας
278 1247 431 1311 ἔκτεινεν.
483 1238 570 1311 οὑτω
611 1238 649 1314 τὸ
685 1240 841 1331 πράττειν
882 1230 922 1309 εὑ
956 1239 1047 1329 παρὰ
1088 1238 1149 1328 τήν
1163 1259 1190 1299 1ο

136 1342 232 1426 ἀξίαν
259 1342 344 1436 ἀρχή
375 1346 535 1427 πολλάκις
565 1351 685 1435 γέγονε
710 1363 780 1428 τοῖς
806 1344 961 1434 ἀνοήτοις
988 1346 1149 1433 μειζόνων
1201 1412 1202 1418 ,

90 1454 330 1541 Βσυμφορῶν.
376 1451 494 1539 ἀρθεὶς
520 1453 583 1544 γάρ
608 1452 790 1534 δδείλαιος
816 1449 883 1522 ὑπὸ
910 1454 968 1538 τής
995 1447 1150 1539 εὐτυχίας
1201 1445 1202 1516 J

134 1554 256 1643 ταύτης
291 1559 455 1647 μετέωρος
495 1564 647 1632 κατέλιπε
682 1560 744 1648 μὲν
779 1557 821 1627 τά
856 1563 1055 1646 προκείμενα
1091 1560 1150 1644 τής

132 1658 271 1743 Ἰταλίας
298 1660 423 1754 ἐρυμνά
452 1674 568 1755 χωρία,
597 1671 631 1747 ἐς
648 1662 827 1755 Νωρικοὺς
854 1664 892 1732 δὲ
918 1664 975 1730 καὶ
997 1668 1150 1743 Παίονας

2 1811 58 1828 ψ
136 1763 336 1855 ἀφυλάκτως
362 1767 428 1859 ήει,
457 1777 530 1841 δεῖν
557 1769 648 1864 αὑτῶ
675 1772 811 1859 τάχους,
844 1765 916 1838 ἀλλ’
947 1765 1008 1855 οὐχ
1026 1765 1150 1836 ’ὅπλων
1163 1784 1191 1826 1⁵

136 1870 218 1943 οόδδ
246 1871 403 1965 ἀνδρείας
431 1878 592 1966 οίόμενος.
638 1873 657 1949 δ
686 1874 727 1966 δή
756 1871 961 1962 καταμαθὼν
988 1875 1149 1961 ἐπανῆγες

135 1975 200 2048 άπὸ
228 1984 297 2051 τῶν
324 1987 523 2072 δυσχωριῶν
541 1983 579 2055 τὸ
599 1983 796 2073 στράτευμα,
823 1985 932 2050 εἵπετο
956 1979 994 2047 δὲ
1013 1981 1149 2065 ἐκεῖνος,

136 2086 282 2175 διῶκειν,
310 2086 386 2175 οὑχὶ
410 2090 447 2158 δὲ
475 2099 818 2179 καταστρατηγεῖσδαι
836 2092 987 2174 νομίσας,
1014 2086 1077 2164 ἕως
1103 2091 1150 2165 είς

82 2219 117 2268 36
135 2190 197 2281 τήν
234 2191 445 2282 εὐρυχωρίαν
481 2193 582 2282 ἀμφω
618 2196 801 2281 κατίστητε.
846 2195 914 2260 τῶν
949 2194 1076 2259 πεδίων
1113 2189 1150 2258 δὲ

135 2299 203 2364 τῶν
229 2294 295 2388 πρὸ
326 2302 385 2386 τῆς
412 2298 556 2387 Μάρσης
583 2297 778 2387 ὀφθέντων,
807 2298 978 2366 ἐτάττοντο
1007 2295 1069 2384 μὲν
1097 2297 1192 2364 ἔπλευ

135 2402 240 2492 κέρως
273 2406 383 2482 ἱππεῖς
410 2406 566 2494 ἑκατέρου
598 2410 692 2487 πεζοί
719 2431 755 2472 τε
786 2408 824 2473 ἐν
855 2405 957 2494 μέσφ’
994 2408 1080 2489 ἔχων
1114 2400 1151 2469 δὲ

136 2503 252 2593 αὐτός,
286 2498 313 2575 ῶ
340 2513 494 2597 βασιλεῦ,
525 2508 586 2581 τδν
613 2509 763 2598 ποταμὸν
791 2514 828 2579 ἐν
855 2510 961 2599 δεξιᾷ,
992 2510 1039 2599 τῷ
1067 2509 1151 2599 λαιῷ

135 2610 215 2694 τοὺς
245 2621 425 2702 πολεμίους
456 2612 744 2707 ὑπερβαλλόμενος
777 2617 901 2704 ἐτρόψω
929 2613 990 2701 μὲν
1023 2609 1152 2692 εὐθέως

134 2719 190 2786 καὶ
219 2721 375 2801 διέλυσας
401 2719 466 2810 τήν
493 2723 650 2810 φάλαγγα
683 2719 764 2792 οὐδὲ
790 2720 854 2809 τήν
881 2716 990 2809 ἀρχὴν
1018 2738 1150 2805 συγκει-

134 2825 240 2913 μένην
268 2822 391 2921 ὀρθῶς,
419 2824 476 2896 άτε
494 2826 619 2919 ἀνδρὸς
645 2825 786 2916 ἀπείρου
804 2828 959 2914 πολέμων
975 2825 1031 2893 καὶ
1051 2844 1150 2914 στρα-
1164 2839 1194 2880 2⁶

133 2937 250 3018 τηγίας
278 2929 385 3020 αὑτήν
413 2935 654 3023 κοσμήσαντος.
691 2930 770 3004 ὁδὲ
797 2935 878 3013 τέως
905 2930 1041 3001 διῶκειν
1067 2925 1151 2998 ὑπο-

205 3119 218 3165 1
238 3107 392 3181 ἅνθρωποι
410 3119 435 3169 εἰ
454 3117 601 3179 deleveris,
620 3121 768 3183 suspectus
786 3114 900 3167 tolletur
917 3115 1011 3165 hiatus
1068 3114 1155 3162 1οτ2

134 3175 184 3248 ἐφ’
203 3175 310 3243 αὑτοὺς
329 3183 453 3248 Schaef]
471 3175 513 3236 ἐπ’
534 3177 640 3244 αὑτοὺς
708 3187 794 3235 2οτ3
811 3185 948 3263 πολεμεῖν
964 3182 1001 3232 Η.
1025 3180 1085 3231 vid.
1099 3176 1153 3229 00·

134 3251 214 3301 batus
235 3252 367 3306 Mnemos.
387 3254 418 3302 11
441 3268 466 3317 p.
484 3254 535 3303 354
606 3244 742 3303 δαὺτῶν
764 3249 799 3317 V]
823 3247 919 3302 αυτάιν
994 3245 1083 3299 ’λιταί
1107 3262 1154 3296 τε·

134 3319 220 3369 elusit
238 3319 266 3367 H
335 3322 367 3369 14
390 3317 529 3387 νωρίκονς
552 3319 611 3370 VM
656 3321 713 3370 .15
736 3312 814 3370 αὑτῶ
837 3318 894 3368 VM
964 3318 997 3367 18
1022 3312 1063 3374 είς
1081 3311 1153 3378 VM]

134 3377 163 3443 ἒς
248 3388 283 3436 20
300 3390 328 3436 ολ
344 3389 376 3435 21
403 3379 452 3438 ἐπὶ
475 3383 563 3451 κέρως
585 3388 674 3449 wytt.
716 3377 870 3450 ἐπικαίροις
955 3386 988 3434 22
1011 3381 1050 3451 τῷ
1079 3379 1153 3459 λιμῶ

135 3447 168 3502 δὲ
191 3453 259 3504 Rsk.
329 3454 362 3503 23
384 3443 635 3520 ὑπερβαλλόμενος
657 3452 681 3501 V
721 3445 955 3520 ὑπερβαλόμενος
1024 3453 1058 3500 24
1081 3442 1153 3500 ουδὲ

132 3517 198 3568 Βελι,
221 3524 249 3568 ετ
266 3516 388 3584 sabaei]
406 3513 474 3571 οὔτε
