2446 3870
154 141 219 204 210
452 141 597 193 IULIANI
618 139 864 192 ιιιΡιτοΑνοοιε

156 271 376 358 δημιουργοῦ,
396 264 433 349 ὃς
450 271 519 336 τῶν
539 268 668 338 ίνύλων
687 270 789 336 εἰδῶν
815 265 895 349 τούς
912 267 1033 354 λόγους
1053 270 1169 357 ἐξηρη-

155 375 278 463 μένους
314 380 380 461 ἔχει
415 375 471 442 καὶ
509 388 659 461 συνεχεῖς
694 371 753 454 τὰς
790 377 912 460 αἰτίας,
945 370 965 461 ἡ
997 380 1170 442 τελευταία

103 481 217 560 Ῑσικαὶ
244 482 338 569 μέχρι
366 482 427 567 γῆς
454 476 520 549 ὑπὸ
548 485 743 570 περιουσίας
769 481 831 547 τού
858 485 1001 607 γονίμου
1029 479 1085 549 διὰ
1111 482 1171 568 τῆς

156 584 292 656 ανοθεν
323 583 412 675 παρὰ
443 588 512 654 τῶν
544 583 698 674 ἄστρων
708 585 907 674 καθήκουσα
940 585 1042 715 φύσις
1069 581 1086 653 ὁ
1116 593 1170 673 ζη-

156 692 317 780 τούμενός
348 695 439 760 ἐστιν
463 689 578 773 ’Ἀττις
626 701 705 773 ἴσως
738 687 820 759 δὲ
801 690 886 779 νπὲρ
919 683 962 761 οὗ
989 692 1072 777 λέγω
1105 690 1198 780 χρὴτ

95 880 97 883 .
157 805 329 886 διαλαβεῖν
357 799 572 888 σαφέστερον.
618 795 708 866 εἶναί
693 804 763 866 ίτι
790 799 930 885 λέγομεν
957 794 1058 884 ἴλην,
1086 793 1170 865 ιἰλλα

157 907 212 975 καὶ
249 909 371 973 ἔνυλον
407 902 504 986 εἶδος.
559 902 642 973 ἀλλὰ
678 904 808 973 τούτων
844 908 875 971 εί
910 903 954 991 μή
990 930 1040 984 τις
1081 908 1170 970 αἰτία

157 1003 382 1100 προτέτακται,
409 1010 639 1097 λανθάνοιμεν
663 1006 705 1078 ύν
733 1006 873 1089 ἑαυτούς
900 1009 1090 1096 είσοὶμοντες
1107 1007 1171 1097 τὴν

155 1114 384 1205 Ἐπικούρειον
412 1116 524 1197 δόξαν.
569 1113 691 1205 ιἰρχαῖν
709 1113 773 1203 γὰρ
801 1120 901 1183 δυοῖν
920 1120 951 1184 εί
977 1115 1083 1203 μηδέν
1101 1117 1171 1182 ἐστι

157 1222 398 1311 πρεσβύτερον,
432 1218 617 1308 αὐτόματός
652 1248 702 1302 τις
738 1217 841 1301 αύτὰς
873 1219 963 1309 φορὰ
994 1221 1050 1290 καὶ
1086 1220 1170 1308 τύχη
1186 1247 1210 1286 ιο

117 1326 419 1416 Βσννεκλήρωσεν.
457 1323 529 1394 ἀλλ’
559 1322 700 1416 ὁρῶμεν,
728 1327 812 1415 φησὶ
840 1326 1104 1416 Περιπατητικός
1122 1352 1172 1407 τις

157 1430 318 1519 ἀγχίνους
350 1429 460 1521 ῶσπερ
493 1428 510 1500 ὁ
544 1433 726 1522 Ξέναρχος,
758 1431 887 1501 τούτων
919 1441 1028 1501 αίτιου
1061 1428 1101 1500 ὂν
1133 1430 1170 1501 τὸ

157 1541 306 1627 πέμπτον
333 1540 388 1606 καὶ
416 1536 577 1607 κυκλικὸν
596 1540 699 1626 σῶμα.
737 1547 866 1625 γελοῖος
888 1538 926 1607 δὲ
944 1539 1000 1607 καὶ
1025 1535 1171 1629 Ἀριστο-

157 1646 252 1732 τίλης
288 1640 371 1732 ὑπὲρ
403 1644 534 1713 τούτων
571 1646 676 1732 ζητῶν
707 1670 742 1713 τε
778 1644 833 1713 καὶ
869 1646 1171 1733 πολυπραγμονῶν,

159 1747 282 1839 ὁμοίως
310 1750 347 1819 δὲ
378 1751 434 1819 καί
463 1751 688 1840 Θεόφραστος·
720 1747 866 1839 ἠγνόησε
892 1753 978 1836 γοῦν
1004 1751 1067 1836 τὴν
1094 1750 1170 1818 ἕαυ-
1186 1771 1210 1814 15

159 1859 219 1925 τοῦ
252 1856 381 1945 φωνήν.
428 1854 537 1946 ῶσπερ
569 1855 634 1945 γὰρ
649 1922 652 1928 ,
666 1861 714 1938 είς
745 1854 807 1944 τὴν
840 1853 1018 1944 ἆσῶματον
1050 1852 1172 1924 ούσίαν

160 1960 270 2032 ε’λθῶν
297 1965 352 2032 καὶ
380 1961 505 2051 νοητὴν
537 1969 615 2051 ἔστη
643 1961 687 2051 μὴ
715 1964 1006 2051 πολυπραγμονῶν
1032 1959 1094 2049 τὴν
1122 1965 1171 2028 αί-

159 2077 245 2157 τίαν,
274 2067 357 2140 ἄλλα
384 2067 451 2158 φὰς
479 2066 565 2138 οὕτω
584 2072 688 2137 ταῦτα
715 2070 913 2156 πεφυκέναι·
941 2095 1025 2194 χρην
1053 2066 1091 2136 δὲ
1114 2067 1172 2156 δή·

159 2186 292 2245 πουθεν
319 2177 375 2244 καὶ
404 2176 456 2243 ἐπὶ
474 2178 535 2243 τού
562 2177 712 2263 πέμπτου
741 2174 893 2302 σῶματρς
919 2170 957 2242 τὸ
984 2175 1171 2260 πεφυκέναι

120 2280 264 2368 οπαύτη
300 2281 514 2408 λαμβύνρντα
550 2281 665 2367 μηκέτι
698 2288 805 2367 ζητεῖν
835 2278 893 2361 τὰς
925 2283 1096 2366 αίτίας,“
1081 2301 1171 2347 ιστα-
1186 2303 1212 2344 ιο

160 2395 244 2453 σθαι
271 2384 308 2453 δὲ
325 2386 379 2454 ἐπὶ
407 2383 519 2454 αύτῶν
536 2384 650 2454 καὶ
611 2413 656 2473 μη
683 2385 767 2475 πρὸς
789 2383 826 2454 τὸ
854 2382 978 2474 νοητὸν
1005 2387 1175 2454 ἐκπίπτειν

161 2519 201 2560 ον
229 2489 291 2579 μὲν
318 2487 420 2559 ούδὲν
447 2490 549 2579 φύσει
575 2489 655 2560 καθ’
686 2491 795 2578 ἑαυτό,
823 2497 900 2580 ἔχον
929 2491 966 2560 δὲ
988 2489 1095 2572 ἄλλως
1121 2519 1173 2560 κε-

160 2594 226 2684 νὴν
257 2592 432 2665 ὑπόνοιαν.
477 2600 616 2665 τοιαῦτα
644 2595 707 2688 γὰρ
740 2595 804 2684 ίχῶ
832 2599 998 2685 μέμνημαι
1025 2600 1088 2666 τού
1114 2600 1174 2674 Ξε-

160 2702 289 2791 νύρχου
317 2705 472 2790 λέγοντος
499 2700 658 2791 ἆκηκοῶς.
704 2709 735 2773 εί
760 2702 821 2791 μὲν
849 2695 912 2771 οὖν
941 2700 1053 2792 ὀρθῶς
1080 2698 1100 2790 ἢ
1129 2702 1173 2791 μὴ

161 2811 266 2878 ταῦτα
286 2811 411 2890 ἐκεῖνος
429 2815 505 2898 ἔφη,
532 2822 602 2892 τοῖς
624 2807 711 2897 ῶμαν
730 2813 878 2897 ἐφείσθω
897 2817 1173 2897 Περιπατητικοῖς
1186 2831 1213 2872 ιο

163 2913 342 3004 ὀνυχίζειν,
376 2913 425 2984 ὅτι
454 2915 491 2983 δὲ
519 2913 561 2985 ού
586 2919 764 3006 προσηνῶς
790 2917 862 3003 ἐμοὶ
894 2923 997 2984 παντί
1020 2940 1086 2984 που
1115 2917 1175 3002 ἃῆ-

157 3031 234 3109 λον,
263 3019 349 3091 ὅπου
368 3022 481 3108 γεκαὶ
508 3020 566 3103 τὰς
590 3019 847 3111 Ἀριστοτελικὰς
873 3017 1054 3103 ὑποθέσεις
1081 3023 1174 3090 ἐνθε-

231 3300 264 3349 10
282 3289 374 3358 αύτὰς
391 3294 431 3365 Η]
452 3289 527 3349 αύτίι
596 3300 628 3348 13
650 3299 762 3377 γελοῖος
780 3295 828 3365 H]
839 3299 952 3379 γελοῖον
1033 3299 1066 3348 14
1084 3297 1099 3360 ζ
1119 3293 1177 3348 τῶν

161 3379 193 3418 τε
209 3361 289 3432 ΗΠ
288 3364 364 3431 ητῶν
382 3383 410 3416 τι
497 3367 528 3416 18
555 3363 627 3430 χρῆν
643 3366 670 3415 Η
708 3381 761 3430 χρη
848 3368 881 3416 22
909 3358 997 3417 οὐδὲν
1020 3361 1097 3470 Hujo
1081 3315 1176 3417 οῶθὲν

163 3436 282 3484 25et26
300 3437 361 3492 τοῖς
379 3424 506 3499 ἄχαν-
518 3424 665 3498 ὀνυχίζειν
698 3432 840 3485 suidasv.
866 3425 1036 3498 ἐφείσθωθ
1043 3430 1189 3498 οφείσθω

162 3493 275 3558 τούτοις
293 3492 469 3567 ἐξονυχίζειν
