2446 3870
118 180 181 244 245
422 181 566 233 mmm
586 148 833 235 ωιεειιανοιιιε

119 311 174 378 καί
202 308 393 398 συνέχουσα
420 311 460 398 τῆ
483 308 596 398 μνῆμη
619 311 722 399 ηεννῆ
749 307 808 390 τδις
835 309 1039 398 ε’πιστήμας.ἵ
1070 309 1136 397 ἐγῶ

120 417 168 502 δέ,
196 421 228 484 εί
253 415 298 503 μῆ
325 442 356 483 τι
379 417 539 484 τοιοῦτον
571 406 614 502 ῆν
642 416 760 484 ἐνδέον
787 411 807 502 ῆ
840 418 967 485 τέλειον
999 418 1136 505 ἐμποδι-

121 523 259 611 ζόμενον
295 517 352 590 ὑπ’
393 517 504 590 άλλων
540 524 673 590 πολλῶν
709 522 765 590 καὶ
802 519 1030 610 ποικίλων,”δ
1069 527 1138 592 τῶν

119 627 213 710 ἐκτὸς
240 643 381 698 ποιεῖται
409 626 471 715 τὴν
490 623 679 716 ἀντίληψιν,
708 624 783 696 οὐδ’
814 623 857 696 άν
876 627 1026 698 δυνατὸν
1045 627 1138 718 οἶμαι

118 737 278 823 γενέσθαι
305 737 374 803 τῶν
402 737 578 823 αἰσθητῶν
610 730 797 822 ἀντίληψιν.
842 731 916 804 ἀλλ’
946 726 1046 816 οὖτος
1074 735 1164 823 μὶντ

120 839 138 912 ὁ
167 841 266 929 λόγος
293 838 335 910 οὐ
362 856 432 923 τοῖς
458 843 524 910 νῦν
551 840 718 930 προσῆκει.

70 966 120 1016 190
200 948 330 1038 Διόπερ
358 948 564 1017 ἐπανακτέον
591 949 644 1016 ἐπὶ
671 941 711 1016 τά
738 948 821 1036 μέρη
848 949 907 1035 τῆς
934 955 1140 1035 φιλοσοφίας

120 1058 177 1144 τῆς
213 1058 360 1143 κυνικῆς.
411 1062 592 1142 φαίνονται
629 1053 690 1141 μέν
722 1051 764 1141 δῆ
797 1055 852 1123 καὶ
890 1044 984 1122 οὑτοι
1021 1057 1139 1144 διμερῆ

119 1159 182 1249 τὴν
209 1168 417 1250 φιλοσοφίαν
439 1167 638 1248 νομίσαντες
656 1157 767 1248 ῶσπερ
796 1154 814 1228 δ
840 1155 1065 1249 Ἀριστοτέλης
1083 1160 1140 1229 καὶ

120 1268 279 1353 Πλάτων,
320 1265 577 1355 θεωρηματικήν
617 1293 651 1334 τε
691 1267 748 1334 καὶ
788 1266 989 1355 πρακτικήν,
1032 1263 1140 1336 αὑτοῦ
1154 1293 1178 1334 10

122 1375 278 1454 συνέντες
311 1371 468 1459 δηλονότι
499 1371 556 1439 καὶ
588 1370 784 1460 νοήσαντες,
817 1368 862 1454 ῶς
894 1372 1020 1441 οἰκεῖόν
1048 1375 1140 1441 ἐστιν
1167 1430 1169 1435 .

121 1477 303 1567 ἄνθρωπος
339 1477 441 1566 φάσει
477 1478 593 1566 πράξει
628 1480 685 1547 καί
723 1478 893 1568 ἐπιστήμη.
944 1483 975 1548 εί
1011 1478 1049 1548 δὲ
1082 1482 1142 1566 τῆς

122 1588 268 1673 φυσικῆς
296 1581 380 1674 πρὸς
406 1582 473 1671 τῆν
503 1591 654 1675 θεωρίαν
686 1585 872 1671 ἐξέκλιναν,
906 1582 1007 1655 οὐδέν
1039 1588 1141 1655 τοῦτο

122 1691 206 1780 πρὸς
237 1689 298 1760 τὸν
330 1690 441 1779 λόγον.
493 1693 563 1761 ἐπεὶ
594 1693 649 1761 καὶ
682 1691 865 1781 Σωκράτης
902 1692 957 1760 καὶ
989 1698 1142 1773 πλείονες

85 1852 88 1854 ψ
121 1796 216 1868 άλλοι
242 1805 371 1891 θεωρίᾳ
390 1797 452 1889 μὲν
471 1804 651 1886 φαίνονται
669 1797 872 1888 χρησάμενοι
899 1800 1017 1887 πολλῆ,
1035 1798 1142 1887 ταότη
1156 1823 1179 1863 15

123 1905 159 1975 δέ
188 1902 251 1975 οὑκ
278 1903 382 1976 άλλου
410 1905 518 1995 χάριν,
546 1903 629 1975 άλλὰ
655 1909 714 1994 τῆς
740 1905 901 1994 πράξεως·
929 1905 999 1973 ἐπεὶ
1027 1903 1140 1973 καὶτὸ

81 2011 246 2083 Βὲαντὸν
273 2015 402 2102 γνῶναι
433 2015 533 2081 τοῦτο
562 2012 738 2101 ἐνόμισαν,
765 2009 803 2081 τὸ
831 2021 955 2099 μαθεῖν
983 2007 1143 2100 ἀκριβῶς,

122 2127 157 2188 τί
181 2119 243 2207 μὲν
270 2117 456 2190 άποδοτέον
484 2122 589 2209 ψυχῆ,
616 2124 652 2186 τί
676 2117 713 2188 δέ
741 2117 880 2206 σῶματι·
909 2113 1080 2186 άπέδοσάν
1108 2144 1144 2185 τε

122 2226 257 2307 είκότως
288 2222 472 2314 ἡγεμονίαν
505 2223 567 2312 μέν
599 2229 639 2313 τῆ
667 2227 773 2314 ψυχῆ,
806 2220 993 2313 ὑπηρεσίαν
1026 2223 1063 2292 δέ
1096 2226 1143 2316 τῶ

123 2331 258 2418 σώματι.
309 2337 496 2418 φαίνονται
523 2329 564 2418 δῆ
599 2322 663 2400 οὖν
699 2327 820 2419 άρετῆν
858 2329 1144 2418 ἐπιτηδεύσαντες,
1158 2356 1184 2396 εο

123 2435 328 2525 ἐγκράτειαν,
356 2433 516 2523 άτυφίαν,
545 2438 752 2525 ἐλευθερίαν,
780 2438 841 2518 ἐξω
860 2436 1038 2525 γενόμενοι
1056 2460 1143 2505 παν-

31 2588 38 2593 ψ
123 2541 180 2623 τὸς
208 2541 355 2630 φθόνου,
384 2548 518 2628 δειλίας,
546 2547 820 2631 δεισιδαιμονίας.
865 2539 938 2612 ἀλλ’
969 2539 1032 2631 οὑχ
1050 2537 1146 2631 ἡμεῖς

123 2651 228 2722 ταῦτα
260 2643 345 2738 ὑπὲρ
377 2645 490 2717 αὑτῶν
518 2648 765 2738 διανοούμεθα,
797 2656 925 2732 παίζειν
954 2649 990 2718 δέ
1019 2645 1146 2730 αὐτοὺς

123 2756 180 2823 καὶ
216 2755 374 2843 κυβεύειν
415 2756 491 2845 περὶ
532 2749 602 2837 τοῖς
639 2755 809 2843 φιλτάτοις
849 2751 1145 2844 ὑπολαμβάνομεν,

86 2859 233 2944 Οοότως
269 2857 491 2952 ὑπεριδόντας
526 2865 588 2931 τοῦ
624 2861 790 2951 σώματος,
828 2857 874 2943 ῶς
908 2857 925 2930 ό
959 2862 1145 2950 Σωκράτης
1160 2888 1186 2928 ετ

125 2975 190 3058 ἐφη
219 2972 327 3056 λέγων
355 2965 468 3059 ὀρθῶς
495 2966 633 3057 μελέτην
661 2966 749 3038 εἶναι
776 2966 930 3038 θανάτου
957 2965 1020 3055 τῆν
1049 2976 1146 3055 φιλο-

194 3149 330 3221 λμνῆμη
348 3145 525 3233 Ρο1.],φη’μη
609 3156 626 3204 2
657 3140 688 3205 ’ν
705 3141 784 3223 Η]ῆ
818 3151 823 3211 Ι
855 3144 1147 3234 ἐμποδιζόμενονλδέ

125 3221 276 3273 addiderim
361 3223 378 3272 4
401 3212 466 3274 ουδ’
487 3213 525 3273 άν
543 3217 581 3288 H]
606 3214 661 3273 οὑδ
679 3237 700 3271 ν.
783 3223 816 3272 10
838 3216 940 3287 αυτοῦ]
964 3214 1050 3272 αυτοὶ
1069 3218 1147 3298 Βεμ,

126 3281 200 3342 αάτό
222 3289 308 3341 τοῦτο
331 3291 358 3340 Η
444 3291 475 3340 11
499 3289 567 3341 Rsk.
590 3289 668 3340 malit
692 3284 801 3348 οίκείος
824 3294 872 3338 aut
895 3280 933 3347 ῶς
956 3283 1068 3339 οίκεῖον
1095 3304 1148 3338 αν-

125 3348 255 3423 θρῶποις
274 3350 361 3423 φάσει
384 3354 489 3423 πρᾶξις
507 3355 557 3408 καλ
576 3347 718 3422 ἐπιστήμη
789 3358 821 3407 13
844 3348 916 3421 πρὸς
933 3349 992 3435 τὴν,
1005 3352 1147 3438 θεωρίαν]

125 3425 254 3500 θεωρίας
272 3427 343 3488 Pet„
362 3439 413 3490 ego
431 3426 526 3477 malim
546 3425 634 3476 solum
651 3416 723 3485 πρὸς
741 3421 834 3474 delere
921 3426 953 3474 16
976 3421 1061 3486 αλλα]
1079 3415 1134 3473 άλλ

110 3481 144 3555 ἦ
168 3507 263 3543 verum
290 3493 406 3542 videtur.
423 3520 424 3523 =
442 3493 505 3543 Vid.
528 3498 621 3544 tamen
644 3492 762 3556 Kriiger.
790 3489 825 3542 ad
848 3491 920 3545 Xen.
943 3491 1030 3542 Anah.
1055 3490 1107 3552 VI,
1130 3493 1146 3542 2

120 3557 213 3623 (ἐμ
283 3561 316 3612 18
334 3557 375 3627 τε]
395 3555 427 3612 δὲ
445 3562 473 3611 Η
542 3561 575 3611 28
593 3553 691 3612 αὑτῶν
708 3555 783 3624 Pet]
804 3549 916 3610 έαυτῶν
