2422 3862
344 140 347 145 ’
405 169 610 222 εειεαοοαε
631 173 671 222 ιο.
690 174 731 223 11.
1013 168 1075 234 491

61 307 178 383 καλῶς.
224 302 391 393 εὐτύχημα
414 284 554 392 γέγονεν
576 303 671 393 ύμῖν,
698 303 821 393 ἀνδρες
840 305 1077 393 Ἀλεξανδρεῖς,

61 405 113 476 ἐπ’
143 410 225 497 ἐμού
256 415 486 498 πλημμελῆσαι
512 411 646 481 τοιούτό
668 438 701 480 τι
728 411 828 500 ὑμᾶς,
855 407 893 491 ὃς
920 415 1014 480 αίδοῖ
1037 416 1078 500 τῇ
1092 452 1117 492 16

60 515 145 604 πρὸς
170 515 232 585 τὸν
253 515 339 585 θεὸν
364 518 420 584 καὶ
443 515 500 586 διὰ
521 516 581 585 τὸν
603 526 703 586 θεῖον
724 517 785 587 τὸν
807 516 890 606 ἐμὸν
911 519 967 586 καὶ
991 515 1078 604 ὅμοι’·
1189 523 1192 529 ’

61 649 183 710 νυμον,
207 620 245 702 ὃς
267 615 368 711 ἦρξεν
391 621 493 709 αὐτῆς
515 649 550 690 τε
568 622 744 709 Αἰγύπτου
766 625 821 692 καὶ
842 627 901 710 τῆς
918 621 1077 712 ὑμετέρας
1096 643 1116 697 C

33 729 203 818 επόλεως,
236 727 421 817 ἀδελφικὴν
453 727 592 798 εὔνοιαν
622 727 706 818 ύμῖν
734 729 901 812 ἀποσύζω.
946 729 984 799 τὸ
1012 729 1077 819 γὰρ

59 841 119 924 της
148 840 301 919 ἐξουσίας
328 834 607 924 ἀκαταφρόνητον
633 836 749 905 καὶτὸ
773 834 1000 925 ἀπηνέστερον
1021 838 1077 905 καὶ

60 943 215 1030 καθαρὸν
248 948 307 1030 τῆς
339 939 442 1030 ἀρχῆς
469 940 590 1011 ούποτε
621 939 666 1010 ἀν
694 941 806 1030 δήμου
831 946 977 1029 περιίδοι
1003 941 1077 1024 τόλ-

61 1076 153 1136 μημα
176 1048 221 1136 μὴ
245 1046 288 1117 ού
310 1047 463 1137 καθάπερ
486 1047 619 1136 νόσημα
641 1047 786 1136 χαλεπὸν
803 1050 987 1139 πικροτέρω
1007 1052 1077 1116 δια·

59 1159 209 1243 καθῆραι
228 1155 406 1246 φαρμάκῳ.
446 1155 625 1244 προσφέρω
649 1151 681 1222 δ’
708 1153 771 1241 ἐγὼ
795 1152 877 1242 ύμῖν
901 1151 946 1223 δι’
971 1153 1077 1241 ἅσπερ

21 1289 48 1328 ιο
62 1269 202 1350 ἔναγχος
219 1267 306 1349 ἐφην
327 1266 435 1340 αίτίας
451 1259 489 1330 τὸ
504 1261 785 1350 προσηνέστατον,
803 1267 1003 1348 παραίνεσιν
1021 1260 1077 1329 καὶ

60 1369 198 1455 λόγους,
229 1365 289 1455 ὑφ’
315 1359 365 1437 ὦν
392 1360 430 1435 εύ
459 1364 524 1435 οἶδ’
550 1365 601 1435 ὅτι
628 1373 785 1436 πείσεσθε
808 1371 951 1454 μᾶλλον,
984 1377 1118 1456 είπερΙ)

61 1477 149 1560 ἐστέ,
176 1473 328 1564 καθάπερ
351 1472 481 1560 ἀκούω,
503 1473 542 1542 τό
565 1500 601 1541 τε
623 1473 765 1560 ἀρχαῖον
778 1473 938 1561 Ἕλληνες
958 1476 1014 1544 καὶ
1036 1474 1077 1544 τοὶ

60 1585 127 1650 νύν
149 1585 196 1654 ἔτι
218 1584 276 1668 τῆς
298 1578 467 1666 εύγενείας
489 1580 617 1667 ἐκείνης
638 1578 776 1648 ὕπεστιν
798 1576 881 1666 ύμῖν
903 1577 1077 1666 ἀξιόλογος

59 1688 116 1758 καὶ
138 1693 294 1773 γενναῖος
315 1689 352 1754 ἐν
374 1690 414 1775 τῇ
438 1689 573 1775 διανοίη
599 1686 655 1753 καὶ
680 1697 752 1765 τοῖς
774 1685 1034 1773 ἐπιτηδεύμασιν
1056 1686 1074 1756 ὁ

20 1815 46 1857 15
59 1791 236 1881 χαρακτήρ.

149 1897 354 1984 Προτεθητω
376 1911 448 1976 τοῖς
470 1898 562 1984 ἐμοῖς
583 1901 733 1975 πολίταις
752 1894 1033 1986 Ἀλεξανδρεῦσιν.

180 2126 182 2128 ’
275 2110 328 2181 ια’.
367 2107 587 2190 Ἰουλιανὸς
613 2113 861 2190 Βυζαντίοις.

154 2249 241 2331 Τοὺς
269 2250 451 2338 βουλευτὰς
476 2249 602 2330 πάντας
625 2248 710 2337 ύμῖν
737 2248 997 2338 ἀποδεδώκαμεν
1020 2249 1075 2318 καλ

58 2355 139 2437 ’τοὺς
170 2357 436 2446 πατροβούλονς,
469 2366 533 2426 εῖτε
559 2361 599 2447 τῇ
626 2360 694 2425 τῶν
721 2362 911 2425 Γαλιλαίων
938 2355 1077 2438 ἑαυτοὺς

19 2487 44 2528 ιο
59 2470 185 2534 ἔδοσαν
201 2468 458 2556 δεισιδαιμονίᾳ,
482 2473 546 2532 είτε
560 2488 629 2542 πως
643 2462 751 2543 ἀλλοις
763 2465 1127 2551 πραγματεύσαιντο381

128 2648 144 2697 3
162 2636 214 2698 τὸν
230 2644 353 2697 θεῖον·
363 2635 518 2713 ὁμύνομον
535 2643 648 2695 Valesio
667 2644 797 2694 suadente
814 2644 994 2709 eNicephoro
1008 2646 1075 2696 scri-

58 2714 115 2778 psit
133 2713 229 2777 spanh.
248 2727 296 2778 pro
315 2705 365 2765 τὸν
384 2704 505 2764 πύππον
524 2703 575 2763 τὸν
594 2703 665 2777 ἐμὰν
682 2708 732 2762 καί
751 2703 802 2761 τὸν
819 2711 906 2763 θεῖον
919 2704 1074 2777 ὁμύννμον

59 2783 75 2832 ‘1
93 2779 221 2842 περιίδοι
239 2780 306 2834 Rsk.
325 2777 475 2845 etHrehJ·
487 2777 650 2844 περιίδοιεν
670 2777 779 2844 spanh„
800 2777 895 2830 ίδοιεν
912 2783 991 2829 mart.
1009 2783 1074 2854 μοι,

58 2845 205 2913 περιιδεῖν
222 2848 275 2898 duo
294 2847 416 2902 Socratis
434 2848 497 2898 libri
515 2852 543 2898 εῖ
561 2845 729 2910 Νἰτερλιοταο
773 2847 789 2895 8
810 2849 838 2894 et
856 2848 872 2896 9
890 2844 1074 2910 διακαθηραι

57 2911 159 2979 ΗτοῙι.]
179 2912 362 2981 διακαθᾶραι
406 2919 422 2966 9
441 2907 525 2980 ἔγωγ’
544 2914 666 2964 Sintenis
712 2914 742 2962 ll
762 2901 820 2963 οἷδ’
841 2909 984 2978 Socrates]
1004 2908 1075 2964 οἶδα

59 2984 91 3034 13
116 2977 158 3034 ἔτι
174 2981 317 3051 Valesius]
348 2977 411 3036 ἐπεὶ
429 3001 447 3032 v
469 2986 532 3032 ante
550 2981 647 3046 spanh.
717 2982 748 3030 16
771 2975 943 3046 προτεθήτω
961 2980 1074 3031 valesio

56 3052 169 3101 iubente
187 3066 202 3100 e
218 3052 371 3118 Nicephoro
391 3052 503 3116 scripsit
521 3047 618 3114 spanh.
637 3063 686 3112 pro
704 3040 895 3112 προστεθήτω
910 3047 915 3111 Ι
935 3041 982 3112 δὲ,
1001 3048 1074 3114 quod

57 3118 132 3183 apud
148 3119 285 3169 Iulianum
302 3125 365 3185 post
383 3109 555 3186 προτεθήτω
573 3115 690 3181 legitur,
714 3116 794 3166 abest
812 3131 829 3164 a
847 3113 960 3165 Socrate
979 3119 1008 3166 et
1026 3119 1074 3166 ab·
1171 3135 1173 3140 ·

57 3187 126 3237 iecit
143 3185 228 3236 Hreh.
249 3188 284 3237 οῖ.
304 3189 391 3239 4361)
446 3188 478 3237 17
496 3183 715 3251 ,,Βισανθηνοι”ς
734 3182 870 3235 Gibb0n“.
896 3183 942 3234 Br.
960 3183 1074 3234 Friede-

55 3253 117 3304 rich
155 3257 186 3304 19
204 3247 421 3322 πατροβούλοος
439 3249 611 3319 Ducangius]
629 3245 826 3318 πατροκόλοος
845 3265 864 3299 v
883 3255 947 3300 ante
965 3251 1074 3316 spanh.,

56 3313 257 3390 πατροβύλονς
275 3323 315 3374 Ρο
333 3327 360 3372 et
377 3322 484 3373 Petavii
503 3321 588 3371 codex
605 3318 774 3382 Anglicanus
804 3315 809 3382 Ι
833 3312 891 3367 τῶν
909 3317 1074 3369 Γαλιλαίων
1182 3374 1193 3388 ·

55 3389 107 3458 Pe]
129 3389 294 3442 Γαλιλαίων
363 3393 397 3441 20
415 3385 634 3453 δεισιδαιμονία
651 3383 701 3462 Po]
719 3383 864 3452 θρησκείᾳ
879 3383 885 3449 Ι
899 3402 959 3445 πως
976 3383 1073 3450 Hreh]

57 3445 145 3576 ἀπωί.
185 3458 254 3507 Mihi
283 3458 313 3508 in
342 3462 456 3508 mentem
484 3457 561 3508 venit
589 3447 722 3508 ὁπωοοον
756 3452 760 3517 Ι
801 3445 1075 3520 ἐπραγματεύσαντο

56 3527 116 3577 Ηιο
138 3563 145 3577 .
981 3524 987 3535 ’
