2446 3870
490 184 626 235 οαεντο
646 184 693 236 1v.
1031 186 1090 249 197

80 312 148 380 ἐστι
175 305 312 394 φύσεων
341 313 436 397 ἔργα,
464 310 539 399 περὶ
567 313 628 378 τοῦ
657 313 819 397 βασιλέως
842 307 958 380 Ἡλίου
990 335 1092 401 προσ-

76 414 147 503 ήκει
189 418 408 482 διανοεῖσθαι.
459 422 494 483 τί
532 419 572 484 δέ
579 449 588 499 ;
630 414 693 505 οὐχ
733 413 813 505 ἡμῖν
849 414 997 507 ὄμβρους
1037 421 1093 488 καὶ

77 517 222 606 ἀνέμους
248 521 304 588 καὶ
331 518 371 588 τά
399 522 524 602 ἐντοῖς
552 530 740 612 μεταρσίοις
762 524 923 611 γινόμενα
950 527 996 617 τῷ
1024 530 1092 593 διτ-

75 629 120 718 τῷ
153 628 211 712 τής
247 623 506 714 ἀναθυμιάσεως
543 623 618 697 οἷον
654 627 718 718 ύλη
755 630 924 720 χρεόμενος
961 626 978 699 ὁ
1011 629 1093 712 θεὸς

48 724 174 817 εούτος
203 733 382 822 ε’ρχάζεταω
411 741 606 824 θερμαίνων
625 734 688 825 γάρ
716 734 777 824 τήν
800 739 865 824 χήν
888 733 1009 823 άτμίδα
1032 740 1144 806 καίων

75 836 206 908 καπνὸν
234 841 329 926 έλκει,
357 845 483 925 γίνεται
511 840 549 909 δέ
576 845 612 910 ἐκ
639 842 768 910 τούτων
797 839 839 911 ού
866 841 906 911 τά
933 843 1093 934 μετάρσια

75 945 198 1034 μόνον,
236 942 319 1013 ἀλλά
355 948 411 1015 καί
448 944 511 1015 ὅσα
548 949 601 1016 ἐπὶ
638 951 699 1035 φής
735 948 844 1035 πάθη,
884 948 1005 1039 σμικρά
1037 952 1093 1019 καί

76 1051 211 1140 μεγάλα.

160 1163 203 1226 Τί
228 1149 290 1227 οὖν
313 1143 365 1226 ἐπὶ
393 1162 461 1227 τῶν
489 1156 601 1227 αὐτόν
629 1162 769 1248 ἐπέξειμι
793 1161 994 1251 μακρότερα,
1018 1161 1093 1243 ἐξὸν

36 1297 63 1335 ιο
77 1266 131 1334 ἐπὶ
159 1263 195 1332 τὸ
223 1265 325 1354 πέρας
352 1263 416 1353 ήδη
444 1271 592 1353 βαδίζειν
620 1262 816 1355 ύμνήσαντα
843 1268 1006 1358 πρότερον
1030 1266 1093 1337 ὅσα

77 1377 201 1440 ἔδωκεν
233 1367 428 1461 ἀνθρώποις
451 1369 566 1452 Ἥλιος
596 1369 725 1459 ἀγαθάς
758 1374 929 1462 γινόμενοι
961 1374 1025 1464 χάρ
1060 1377 1092 1457 ἐξ

79 1473 184 1545 αύτού
201 1477 394 1567 τρεφόμεθα
412 1474 490 1567 παρ’
522 1481 661 1548 ἐκείνου.
701 1479 741 1548 τά
773 1481 834 1569 μὲν
858 1473 922 1550 οὖν
939 1482 1093 1570 θειότερα

77 1585 133 1652 καί
166 1580 227 1651 ὅσα
263 1599 335 1664 ταῖς
367 1598 489 1671 ψυχαῖς
522 1589 663 1654 δίδωσιν
700 1583 858 1656 ἀπολύων
895 1585 997 1668 αύτίις
1032 1591 1093 1655 τού

70 1689 238 1778 σώματος,
266 1687 336 1757 εἶτα
360 1690 536 1777 ἐπανάγων
565 1692 618 1759 ἐπὶ
642 1690 701 1773 τάς
726 1696 787 1761 τοῦ
805 1697 890 1761 θεού
919 1705 1132 1780 συνχευεϊςΒ

34 1825 61 1864 15
77 1795 205 1882 οὐσίας,
232 1797 288 1863 καί
315 1795 352 1864 τὸ
381 1794 501 1866 λεπτόν
529 1799 584 1866 καὶ
613 1796 752 1867 εὔτονον
779 1803 837 1886 τής
862 1806 959 1880 θείας
987 1798 1093 1888 αύμής

77 1899 151 1974 οἷον
179 1899 285 1990 όχημα
313 1905 371 1990 τής
398 1909 445 1985 είς
471 1901 533 1991 τήν
560 1905 703 1990 γένεσιν,
716 1902 889 1992 ἀσφαλοῦς
913 1906 1093 1993 διδόμενον

76 2009 230 2080 καθόδου
258 2023 330 2089 ταῖς
356 2023 479 2097 ψυχαῖς
506 2006 677 2096 ύμυείσθω
711 2038 745 2078 τε
772 2008 884 2091 άλλοις
911 2007 1010 2091 ἀξίως
1037 2013 1093 2079 καί

76 2112 136 2203 ὑφ’
172 2111 267 2244 ήμφν
299 2118 508 2198 πιστευέσθω
541 2113 720 2203 μάλλον“
700 2145 720 2204 η
750 2116 952 2185 δεικνύσθω
986 2114 1026 2184 τά
1055 2116 1092 2185 δέ

77 2221 139 2294 ὅσα
167 2221 317 2350 γνώριμα
345 2225 473 2310 πέφυκε
499 2237 570 2303 τοῖς
596 2225 697 2291 πᾶσιν
725 2220 787 2292 οὐκ
815 2220 973 2311 ὀκνητεον
1002 2225 1097 2305 ἐπεξὲ

33 2357 61 2395 νο
76 2339 198 2399 ελθεῖν
239 2324 388 2418 οὐρανόν
412 2348 496 2416 φησι
517 2325 707 2398 Πλάτων
690 2344 770 2418 ημῖν
793 2332 952 2417 γενέσθαι
972 2337 1094 2418 σοφίας

77 2436 291 2507 διδάσκαλον.
333 2432 532 2504 ἐνθένδε
495 2463 559 2523 χαρ
584 2432 734 2564 ἀριθμοῦ
756 2437 1004 2525 κατενοήσαμεν
1028 2437 1092 2524 φύ-

76 2565 143 2629 σιν,
169 2533 211 2629 ἦς
237 2538 274 2609 τὸ
300 2543 464 2668 διαφερον
488 2539 550 2611 οὐκ
577 2539 726 2622 άλλως
705 2571 727 2630 η
752 2542 808 2612 διά
836 2546 893 2631 τής
915 2540 1013 2631 ήλιου
1037 2569 1090 2612 πε

77 2649 195 2740 ριόδου
226 2647 482 2735 κατενοήσαμεν.
529 2654 617 2736 φησί
645 2675 697 2717 τοι
728 2650 784 2717 καί
817 2648 918 2731 αὐτὸς
949 2650 1132 2719 ΠλάτωνΟ

75 2751 203 2844 ήμέραν
230 2755 286 2822 καί
314 2755 419 2823 νύκτα
446 2753 619 2844 πρότερον.
660 2753 730 2823 εἶτα
754 2758 790 2824 ἐκ
817 2759 877 2824 τοῦ
902 2751 1014 2844 φωτός
1035 2759 1093 2842 τής

33 2887 61 2927 25
76 2862 226 2950 σελήνης,
259 2857 277 2928 δ
311 2860 352 2948 δή
387 2866 517 2929 δίδοται
552 2864 593 2949 τῇ
624 2864 694 2952 θεῷ
731 2862 833 2950 ταύτη
871 2859 949 2953 παρ’
984 2857 1092 2947 ήλίου,

75 2966 155 3055 μετὰ
174 2970 273 3036 τούτο
302 2967 518 3056 προήλθομεν
542 2969 594 3036 ἐπὶ
612 2969 715 3036 πλέον
738 2972 795 3056 τής
819 2968 972 3055 τοιαύτης
995 2967 1092 3034 συνέ-

74 3095 168 3161 σεως,
192 3069 386 3163 ἀπανταχοηῖ
409 3075 468 3160 τῆς
494 3072 578 3162 πρὸς
600 3072 659 3142 τὸν
686 3073 770 3143 θεὸν
793 3077 914 3142 τούτου
939 3072 1092 3159 στοχαζό-

143 3271 339 3358 Ιπαρδιίίθτὶ
409 3271 456 3330 Ἷέ
458 3275 490 3329 ιιι
510 3297 561 3344 χης
581 3269 657 3344 Η]
641 3295 698 3330 νπο
717 3297 781 3345 μην
812 3279 849 3331 cf.
870 3278 905 3329 ad
925 3277 1007 3328 1200
1077 3280 1092 3327 9

74 3341 154 3414 ἐπὶ]
157 3339 230 3413 πρός
256 3347 292 3409 (33
316 3347 409 3396 malim
432 3342 497 3412 περὶ
530 3344 534 3411 Ι
566 3341 733 3428 μακρότερα
752 3343 791 3412 Η]
815 3337 1016 3426 μακρότερον
1062 3349 1094 3396 10

74 3412 245 3534 κέραςίἱοεί
315 3418 345 3465 11
370 3405 412 3480 έξ]
440 3410 471 3465 δέ
490 3412 571 3493 G(„
579 3414 668 3466 voluit
692 3407 757 3465 δι’“
775 3414 854 3478 Rsk.)
926 3415 958 3464 19
979 3407 1094 3483 πέφυκε

73 3477 212 3550 1ἰίιιὶ]ιιέ
214 3498 308 3546 φυκεν
378 3485 411 3533 20
433 3453 571 3565 Πλάτων]
582 3483 715 3564 Epinom
734 3484 819 3533 9va
852 3480 856 3544 ἱ
889 3479 995 3547 σοφίας
1012 3481 1076 3532 lib

75 3552 140 3619 τῆς
145 3549 252 3615 σοφίας
322 3552 354 3599 21
374 3542 498 3602 ἐνθένδε
516 3547 556 3617 H]
578 3543 674 3602 ἐνθεν.
709 3551 775 3608 vid
792 3550 831 3604 ὀδ
846 3549 936 3604 m
