2446 3870
154 155 215 220 188
449 155 595 208 ιυιιωα
615 153 865 206 τωευολνοιαε

77 308 78 311 ’
153 312 232 374 ραν,
259 281 359 365 αὐτὸς
379 280 483 352 άπασι
500 296 569 363 τοῖς
587 295 718 370 νοεροῖς
736 281 885 367 διανέμει
903 289 1012 366 θεοῖς,
1035 275 1165 366 ἀγαθο-

124 384 126 386 ’
153 389 254 479 εργὸν
290 391 345 460 καὶ
382 394 510 458 τελείαν
543 384 657 468 αὐτοῖς
694 385 811 467 διδοῖς
845 383 908 475 τὴν
949 381 1081 455 οὐσίαν.
1128 390 1166 456 ἓν

152 495 214 583 μὲν
242 494 284 584 δὴ
312 501 414 563 τουτί.
459 493 618 583 δεύτερον
646 492 683 562 δὲ
714 498 816 581 ἔργον
844 493 914 560 ἐστὶ
940 494 1002 561 τοῦ
1028 494 1115 560 θεοῦ
1143 488 1164 580 ἡ

101 604 219 670 145τοῦ
246 604 371 690 νοητοῦ
402 600 545 681 κάλλους
567 603 609 668 ,ἐν
635 612 706 679 τοῖς
732 611 864 684 νοεροῖς
895 597 952 665 καὶ
978 594 1167 684 ἀσωμάτοις

153 712 257 777 είδεσι
292 706 477 793 τελειοτάτη
515 704 668 794 διανομη.
706 708 775 792 ’τῆς
810 701 874 793 γάρ
910 705 949 771 ἐν
983 706 1024 792 τῇ
1049 704 1194 791 φύσειε

120 858 122 900 ;
154 815 361 901 φαινομένης
389 809 506 893 οὐσίας
532 818 676 900 γονίμου
703 812 828 898 γεννᾶν
855 810 1028 897 ἐφιεμένης
1056 812 1093 878 έν
1120 813 1166 902 τῷ

120 908 244 1012 ἷκαλῷ
271 921 328 988 καὶ
351 914 593 988 ὑπεκτίθεσθαι
620 915 680 986 τὸν
706 918 819 1001 τόκον,
846 921 894 984 ἔτι
926 911 1055 1003 ἀνάγκη
1083 942 1165 1006 προ-

154 1036 311 1113 ηγεῖσθαι
337 1024 401 1113 τὴν
428 1028 465 1093 ἐν
482 1027 528 1116 τῷ
556 1025 665 1114 νοητῷ
693 1024 805 1092 κάλλει
821 1025 921 1092 τοῦτο
941 1018 1023 1091 αὐτὸ
1052 1027 1166 1091 διαιω-

154 1138 235 1213 νίας
261 1132 317 1200 καὶ
345 1127 397 1199 ἀεὶ
423 1133 601 1216 ποιοῦσαν,
629 1126 700 1197 ἀλλ’
732 1125 807 1215 οὐχὶ
825 1130 892 1198 νῦν
914 1127 986 1215 μὲν,
1013 1131 1167 1210 είσαῦθις

155 1237 192 1305 δὲ
225 1235 282 1322 οά,
313 1237 369 1305 καὶ
401 1234 481 1305 ποτε
511 1235 573 1323 μὲν
605 1238 794 1320 γεννῶσαν,
827 1227 928 1314 αὖθις
960 1233 998 1304 δὲ
1030 1231 1166 1320 άγονον.
1180 1257 1206 1297 10

155 1339 217 1410 ὅσα
245 1340 309 1433 γὰρ
337 1343 486 1409 ἐνταῦθα
512 1339 591 1409 ποτὲ
618 1339 713 1428 καλά,
740 1343 844 1409 ταῦτα
872 1343 909 1409 ἐν
936 1354 1006 1421 τοῖς
1033 1355 1167 1428 νοητοῖς

154 1445 214 1515 ἀεί.
260 1447 379 1535 ῥητέον
411 1451 530 1516 τοίνυν
562 1443 668 1516 αὐτοῦ
700 1449 757 1534 τῆς
785 1450 822 1515 ἐν
852 1461 923 1526 τοῖς
950 1447 1167 1533 φαινομένοις

115 1562 136 1617 Β
155 1558 262 1633 αίτίας
289 1559 432 1641 γονίμου
450 1563 743 1642 προκαθηγεῖσθαι
769 1550 829 1621 τὸν
848 1555 885 1620 ἐν
912 1555 957 1643 τῷ
985 1554 1092 1644 νοερῷ
1109 1553 1167 1622 καλ

155 1662 316 1749 διαιωνίφ
349 1659 460 1729 κάλλει
487 1658 587 1729 τόκον
615 1655 815 1746 ἀγέννητον,
844 1655 884 1727 ὃν
912 1653 929 1727 ὁ
958 1656 1038 1739 θεὸς
1067 1649 1166 1740 οὗτος

155 1769 220 1852 ἔχει
250 1765 334 1852 [καὶ]
362 1766 439 1856 περὶ
466 1763 587 1835 ἑαυτὸν
605 1760 806 1852 ὑποστήσας,
833 1755 861 1858 ᾦ
887 1765 943 1833 καὶ
961 1763 1020 1834 τὸν
1038 1765 1165 1834 τέλειον
1180 1786 1205 1828 ιε

154 1873 241 1940 νοῦν
269 1872 432 1960 διανέμει,
464 1871 617 1960 καθάπερ
650 1868 795 1958 ὄμμασιν
827 1868 983 1951 ἐνδιδοὺς
1016 1868 1072 1939 διὰ
1101 1874 1167 1941 τοί)

155 1976 267 2063 φωτὸς
293 1975 355 2067 τὴν
383 1975 473 2065 ὅφιν,
501 1975 589 2047 οὕτω
617 1976 655 2046 δὲ
681 1979 737 2046 καὶ
756 1980 794 2045 έν
820 1992 890 2059 τοῖς
917 1975 1080 2066 (νοητοῖς)
1109 1975 1166 2046 διά
1191 2036 1194 2041 .

153 2086 215 2151 τοῦ
242 2087 365 2174 νοεροῦ
391 2088 673 2174 παραδείγματος,
706 2079 725 2152 ὃ
752 2090 918 2173 προτείνει
944 2081 1031 2152 πολὺ
1059 2083 1166 2170 φανό-

153 2214 252 2278 τερον
278 2191 337 2278 τῆς
364 2196 517 2280 αίθερίας
545 2186 661 2278 αὐγῆς,
689 2192 792 2258 πᾶσιν
820 2188 912 2277 οίμαι
938 2203 1008 2270 τοῖς
1034 2205 1167 2279 νοεροῖς

154 2292 191 2360 τὸ
219 2309 313 2362 νοεῖν
340 2298 396 2363 καὶ
423 2294 460 2364 τὸ
488 2306 643 2365 νοεῖσθαι
669 2297 812 2385 παρέχει.
857 2297 951 2383 ἑτέρα
978 2294 1062 2383 πρὸς
1087 2296 1167 2364 ταά-
1182 2317 1208 2358 20

115 2408 226 2479 Οταις
258 2400 406 2491 ἐνέργεια
437 2399 615 2490 θαυμαστὴ
649 2407 805 2489 φαίνεται
831 2402 907 2494 περὶ
938 2399 1000 2470 τὸν
1027 2399 1166 2490 βασιλέα

153 2505 224 2572 των
242 2501 332 2573 ὅλων
351 2502 468 2576 Ἥλιον
486 2503 507 2596 ἡ
526 2522 597 2588 τοῖς
623 2513 787 2598 κρείττων
805 2508 937 2593 γένεσιν
965 2508 1166 2596 ένδιδομένη

67 2618 70 2625 ’
153 2624 254 2698 μοῖρα
281 2617 432 2699 βελτίων,
460 2609 622 2701 ἀγγέλοις,
650 2620 822 2702 δαίμοσιν,
849 2611 956 2704 ἥρωσι
982 2627 1106 2702 φυγαῖς
1132 2641 1168 2682 τε

153 2730 336 2803 μερισταῖς,
377 2714 500 2788 ὁπόσαι
536 2721 698 2807 μένουσιν
735 2723 773 2788 ἐν
807 2725 1088 2809 παραδείγματος
1110 2720 1168 2788 καὶ

155 2822 246 2902 ίδίας
278 2822 380 2914 λόγῳ,
413 2826 536 2914 μήποτε
572 2825 692 2906 ἑαυτάς
729 2827 886 2894 διδοῦσαι
923 2823 1059 2913 σάματι.
1103 2822 1167 2912 τὴν
1181 2846 1212 2898 25,

153 2927 214 3014 μὲν
248 2920 312 2998 οὖν
343 2931 550 3021 προκόσμιον
582 2929 702 3001 οὐσίαν
734 2935 796 3000 τοῦ
826 2935 914 3001 θεοῦ
947 2931 1106 3018 δυνάμεις
1132 2957 1167 3000 τε

153 3030 260 3103 αὐτοῦ
291 3037 347 3103 καὶ
380 3041 461 3127 ἔργα
496 3035 557 3106 τὸν
588 3040 726 3126 βασιλέα
762 3040 830 3106 των
862 3034 951 3107 ὅλων
983 3032 1170 3125 ὑμνοῦντες

218 3307 310 3360 4τοῦ
329 3307 590 3373 νοεροῦΜδΕΡΟ
660 3314 689 3361 11
716 3303 785 3362 ποτε
803 3307 837 3376 V]
859 3326 930 3363 ποτε
1000 3312 1032 3362 15
1054 3306 1167 3361 κοιλία-

151 3372 234 3424 ολατίῖ
250 3374 279 3424 Η
360 3380 391 3430 17
409 3382 525 3444 νοητοῖς
543 3379 604 3429 add.
622 3379 682 3432 Pet.
764 3379 795 3428 18
814 3372 977 3443 φανότερον
994 3393 1081 3444 marg.
1100 3384 1168 3442 ρει,

152 3438 316 3519 φανηαίρον
344 3460 377 3507 v,
414 3443 615 3514 φανερωτέραν
643 3445 797 3506 MbEFG,
832 3440 1034 3513 φανερώτερον
1063 3443 1167 3495 mareil.

150 3508 185 3556 20
203 3523 235 3557 το
251 3512 390 3562 νοεῖσθαι
408 3510 443 3576 V]
461 3515 599 3564 νοεῖσθαι
667 3516 700 3565 26
719 3505 810 3572 αὐτὰς
827 3514 853 3565 V
