2446 3870
116 185 176 250 198
417 185 830 239 Ιυιιεαιιιιεοεεοοειε

114 340 209 401 μενοι
238 317 444 401 συμφωνίας.
490 310 570 402 ὅπερ
599 309 700 393 αύτός
730 311 798 381 πού
830 331 954 400 φησιν,
988 308 1033 394 ῶς
1065 310 1131 402 όίρα

113 417 150 487 τό
180 417 276 505 γένος
303 415 398 507 ἱμῶν
430 421 592 488 ἐπίπονον
625 415 665 489 όυ
697 417 798 506 φύσει
828 419 905 488 θεοὶ
937 419 1130 506 ἐλεήσαντες

114 531 244 594 ἔδωκαν
271 521 352 614 ἡμῖν
378 522 439 594 τόν
466 525 643 595 Διόνυσον
670 526 725 594 καὶ
753 522 811 606 τὰς
838 523 981 606 Μούσας
1007 545 1129 613 συγχο·

113 631 240 720 ρευτοίς.
286 630 395 719 έφοίνη
429 629 466 701 δέ
497 627 579 720 ἡμῖν
603 629 718 713 Ἥλιος
748 630 877 700 τούτων
908 630 1022 712 κοινὸς
1053 627 1130 719 ἡγε-

69 737 204 824 Βμῶν,
232 736 408 808 Διονύσου
436 737 497 825 μὲν
528 737 637 828 πατὴρ
669 733 895 826 ὑμνούμενος,
927 733 1060 825 ἡγεμῶυ
1093 737 1157 808 δέι

113 847 276 913 Μουσῶν.
327 841 345 915 ό
384 842 421 914 δέ
457 842 547 936 αύτῷ
584 843 840 932 συμβασιλεύων
882 841 1051 913 Ἀπόλλων
1088 841 1131 914 ού

113 953 285 1038 πανταχοῦ
312 947 426 1038 μέν’
407 955 510 1039 ανηκε
536 954 595 1039 τῆς
626 954 686 1040 γῆς
717 950 910 1040 χρηστήρια,
938 956 1065 1037 σοφίαν
1093 950 1131 1019 δε

114 1061 239 1125 ἔδωκεν
270 1054 464 1186 ἀνθρώποις
501 1064 637 1144 ἔνθεον,
675 1057 858 1166 ἐκόσμησε
872 1056 908 1124 δὲ
942 1061 1043 1146 ἱεροῖς
1075 1059 1131 1126 καὶ

113 1172 295 1244 πολιτικοις
325 1162 383 1244 τὰς
421 1164 533 1245 πόλεις
564 1173 718 1252 θεσμοῖςς
756 1143 858 1244 οὗτος
886 1157 1037 1285 ημέρωσε
1069 1191 1131 1251 μεν

115 1267 171 1338 διὰ
199 1271 266 1338 τῶν
291 1265 492 1356 Ἑλληνικῶν
519 1266 683 1338 ἀποικιῶν
709 1266 750 1338 τό
768 1277 905 1338 πλεῖστα
931 1272 990 1356 τῆς
1018 1274 1129 1338 οίκου-
1145 1294 1170 1333 10

114 1378 229 1462 μένης,
266 1375 492 1466 παρεσκεύασε
534 1375 571 1445 δὲ
607 1379 693 1466 ῥᾷον
729 1371 920 1445 ὑπακούσαι
951 1371 1131 1462 Ῥωμαίοις

114 1485 228 1567 έχουσι
255 1482 311 1549 καὶ
338 1478 453 1562 αὐτοῖς
485 1478 527 1551 ού
555 1484 651 1569 γένος
679 1481 787 1570 μόνον
810 1477 1020 1570 Ἑλληνικόν,
1048 1479 1131 1551 ἀλλὰ

64 1588 175 1654 manat
203 1585 352 1676 δεσμούς
379 1586 490 1677 ίερούς
517 1589 573 1657 καὶ
600 1587 662 1676 τὴν
693 1590 769 1678 περὶ
796 1586 875 1669 τούς
906 1584 1012 1668 θεοὺς
1039 1585 1129 1656 εύπι-

114 1699 211 1761 στίαν
239 1695 271 1774 ἐξ
301 1691 403 1783 ἀρχῆς
423 1700 471 1776 είς
497 1696 590 1776 τέλος
614 1692 809 1783 Ἑλληνικὴν
827 1695 1131 1783 καταστησαμένοις

113 1827 149 1868 τε
175 1801 231 1870 καὶ
260 1801 436 1888 φυλόξασι,
463 1798 547 1892 πρὸς
575 1801 612 1870 δὲ
636 1801 767 1882 τούτοις
794 1802 850 1869 καὶ
877 1799 939 1870 τὸν
964 1801 1040 1890 περὶ
1067 1797 1131 1887 τὴν
1145 1822 1170 1863 15

114 1906 212 1975 πόλιν
239 1908 365 1996 κόσμον
402 1904 559 1996 οὐδεμιᾶς
590 1910 659 1978 τῶν
690 1905 809 1998 ἄριστοι
839 1908 1131 1993 πολιτευσαμένων

114 2012 245 2084 πόλεων
272 2017 575 2104 καταστησαμένοις
601 2014 822 2103 φαυλότερον,
850 2019 883 2083 εί
907 2010 950 2101 μὴ
979 2015 1035 2082 καί
1062 2016 1131 2081 τῶν

115 2117 226 2189 ἄλλων
259 2117 413 2209 ἁπασῶν,
447 2119 524 2190 όσαι
560 2150 597 2208 γε
630 2125 666 2191 έν
697 2120 812 2209 χρήσει
848 2119 1006 2208 γεγόνασι
1037 2128 1130 2189 πολι-

102 2240 213 2309 τεῖαι,
245 2233 436 2317 κρείσσονα·
470 2224 551 2296 ἄνθ’
591 2220 640 2297 ῶυ
676 2225 768 2314 οἶμαι
799 2227 855 2295 καλ
888 2222 990 2306 αὐτὸς
1022 2231 1132 2311 ἔγνων

114 2326 176 2418 τὴν
202 2332 301 2401 πόλιν
325 2328 501 2421 Ἑλληνίδα
528 2335 625 2420 γένος
652 2361 686 2401 τε
717 2334 774 2402 καὶ
800 2338 978 2402 πολιτείαν.
1023 2339 1057 2400 τί
1083 2337 1132 2400 ἔτι
1146 2352 1171 2392 20

74 2444 171 2505 Βσοι
202 2440 302 2524 λέγω,
339 2442 409 2519 πῶς
444 2441 503 2527 τῆς
539 2435 667 2526 ὑγιείας
702 2440 758 2508 καὶ
796 2444 960 2528 σωτηρίας
995 2436 1132 2507 πάντων

114 2543 305 2632 προυνόησε
323 2542 384 2612 τόν
403 2547 535 2633 σωτῆρα
554 2549 622 2615 τῶν
641 2545 730 2617 όλων
749 2541 981 2634 ύπογεννήσας
996 2541 1132 2631 Ἀσκλη-

113 2647 209 2736 πιόν,
242 2647 331 2732 ὅπως
369 2650 406 2719 δὲ
443 2648 564 2740 ἀρετὴν
597 2659 699 2722 ἔδωκε
736 2658 901 2721 παντοίαν
930 2647 1133 2740 Ἀφροδίτην

61 2775 63 2783 ·
113 2752 239 2847 Ἀθηνᾷ
272 2757 551 2846 συγκαταπέμψας
588 2755 683 2848 ἡμῖν,
715 2758 884 2846 κηδεμόνα
916 2756 1024 2844 μόνον
1057 2753 1133 2843 ούχὶ

115 2862 222 2951 νόμον
248 2865 403 2952 θέμενος,
430 2863 514 2955 πρὸς
541 2866 646 2954 μηδὲν
674 2867 788 2954 ἕτερον
814 2867 962 2953 χρῆσθαι
975 2866 1019 2951 τῇ
1047 2865 1132 2949 μίξει
1147 2880 1171 2920 2⁵

112 2964 136 3056 ἢ
163 2969 246 3061 πρὸς
273 2967 335 3060 τὴν
361 2969 494 3057 γένεσιν
525 2975 588 3041 τοῦ
620 2967 755 3060 ὁμοίους
788 2970 845 3039 διό
871 2997 923 3038 τοι
949 2971 1048 3038 τούτο
1076 2970 1132 3037 καὶ

820 3130 852 3172 0

121 3279 129 3298 ‚
185 3221 323 3301 1φησιν]
332 3225 436 3303 ..Legg
455 3221 623 3276 11653DE
647 3223 783 3308 ελμθὸΑ
861 3213 956 3286 ἴαν
958 3237 991 3272 κε
1013 3221 1133 3283 MbEF

115 3289 260 3364 ενῆκεῦ,
268 3280 398 3368 ιἰνῆκεν
419 3307 438 3342 v
525 3293 557 3342 13
584 3282 736 3344 εύπιττιαν
759 3305 791 3354 sp
793 3289 857 3340 anh
877 3289 910 3340 de
927 3288 1049 3339 Marcilii
1072 3303 1134 3338 con·

112 3353 238 3424 jectum]
260 3347 397 3410 ἀπιστίαν
480 3361 511 3410 16
531 3350 670 3423 ούδεμιᾶς
688 3355 806 3424 MbEF]
826 3347 968 3424 ούδεμίαν
1051 3356 1083 3406 18
1101 3371 1133 3420 γε

113 3423 150 3489 Η]
171 3441 201 3476 τε
255 3427 287 3477 19
306 3421 383 3507 ἔγνω
395 3426 461 3478 libri
513 3429 547 3478 20
561 3445 588 3478 τι
584 3421 649 3478 ’ἔτι
656 3421 784 3506 MarciL]
804 3420 854 3478 ἔτι
876 3426 954 3477 Fort.
970 3439 1036 3476 vero
1053 3436 1134 3490 prae·

101 3487 237 3608 53:5⁸8th
262 3505 307 3543 σοι
328 3488 428 3559 βούλει
451 3490 522 3560 λέγω
592 3497 622 3544 21
647 3484 748 3559 ὑγείας
765 3493 817 3545 Mb
887 3495 919 3544 23
943 3485 1032 3543 ἔδωκε
1055 3487 1132 3557 libri]
