2422 3862
434 167 615 220 εειετοτλ
636 110 702 234 [26.
877 244 879 254 ‚
1013 164 1075 229 507

4 349 7 358 ›
60 302 160 393 ἀροῦν
182 301 334 395 εὐκαιρίᾳ
354 305 410 372 καλ
428 307 545 391 πηχῶν
563 299 684 392 ἀγλαΐᾳ
702 303 758 370 καλ
776 305 936 388 ποταμιῦν
953 301 1076 388 πλῆθει

59 411 115 478 καλ
143 414 204 498 γῆς
231 408 374 500 εῦφορία
397 413 551 486 νικῶσαν
567 408 678 496 μόνην
701 406 766 495 ἀρα
788 408 845 474 καλ
866 409 912 497 τῷ
935 407 1076 498 τοιούτῳ
1095 424 1119 477 D

59 519 155 607 φυτῷ
173 515 258 604 πρὸς
274 515 338 603 τῆν
355 519 416 585 τοῦ
434 515 608 602 θαύματος
620 511 790 602 ῦπεροχῆν
804 509 950 600 ἀρκέσαι.
974 508 1077 581 οὐδὲν

61 615 126 691 οὖν
147 619 299 709 ἀνέχεται
321 625 505 709 μεταβολῆς
526 619 564 689 τὸ
588 621 748 709 δένδρον,
780 616 861 688 οῦδλ
882 616 1077 708 ὑπερβαίνει

31 728 139 809 ετοὺς
175 731 373 817 ἐπιχωρίους
408 727 510 814 ὅρους
545 730 604 815 τῆς
635 726 794 815 βλάστης,
831 724 903 796 ἀλλ’
937 723 1075 813 [ὥσπερ]

60 833 292 922 αῦτόνχθονος
314 838 424 922 φυτοῦ
445 833 540 966 νόμῳ
563 833 625 919 τῆν
645 835 678 914 ἐξ
698 830 852 912 ἀποικίας
869 835 1002 919 γένεσιν
1009 831 1078 963 ἀρ·
1117 832 1119 838 λ

60 955 174 1009 νεῖται
220 941 276 1008 καλ
308 938 432 1028 χρυσὸς
462 939 525 1028 μὲν
552 937 644 1027 οἶμαι
671 937 776 1007 καλ”
755 965 902 1027 αρχυρος
929 937 947 1007 ὁ
976 936 1077 1019 αὐτὸς

60 1051 231 1134 πολλαχοῦ
257 1047 389 1135 φύεται,
421 1045 508 1133 μόνη
537 1043 619 1114 δὲ
601 1073 623 1133 η
650 1042 728 1133 παρ’
753 1043 835 1133 ῆμῖν
862 1045 954 1134 χώρα
975 1053 1075 1115 τίκτει
1090 1080 1116 1120 ει

52 1152 170 1239 φυτὸν
201 1150 348 1239 ἀλλαχοῦ
374 1155 502 1239 φῦναι
511 1151 556 1238 μῆ
585 1151 785 1237 δυνάμενον.
831 1149 941 1238 ὥσπερ
972 1152 1009 1220 δλ
1035 1153 1129 1222 τάεοε

19 1283 48 1323 ιο
62 1263 95 1342 ἐξ
115 1256 281 1329 Ἰνδῦν’
263 1258 416 1383 αγολχιμα
446 1259 502 1326 καλ
529 1284 548 1325 ο
551 1259 747 1346 [Περσικοὶ
774 1261 873 1346 σῆρες
902 1254 923 1326 ῦ
953 1257 1025 1328 ὅσα
1039 1261 1077 1327 ἐν

60 1395 101 1457 τῃ
85 1366 295 1435 Αίθιόπων
317 1369 360 1454 χῆ
382 1372 522 1433 τίκτεται
545 1364 608 1452 μὲν
629 1366 685 1432 καλ
707 1365 872 1454 τρέφεται,
894 1369 940 1434 τῦ
964 1364 1058 1433 δὲ
1019 1392 1077 1452 τῆς

62 1477 221 1561 ἐμπορίας
247 1474 339 1576 νόμῳ
367 1474 537 1558 πανταχοῦ
565 1474 745 1557 διαβαίνει·
781 1470 870 1541 οὕτω
899 1435 937 1541 δὲ
958 1472 1069 1540 καλ
1037 1499 1074 1540 το

61 1577 139 1668 παρ’
165 1576 246 1666 ῆμϊν
268 1582 374 1647 σῦκον
396 1575 544 1663 ἀλλαχοῦ
564 1580 623 1664 τῆς
644 1581 707 1663 γῆς
729 1574 775 1645 οῦ
793 1577 977 1664 γινόμενον
993 1604 1076 1647 παν-

60 1689 166 1773 ταχοῦ
182 1682 260 1773 παρ’
281 1683 378 1774 ῆμιῦν
396 1687 573 1770 στέλλεται,
592 1681 712 1751 καὶ
671 1708 747 1751 ουτε
765 1682 861 1764 πόλις
878 1684 956 1753 οῦτε
974 1685 1076 1772 νῆσός

19 1787 168 1878 ιοέστιν,
204 1789 248 1879 ῆν
285 1788 347 1860 οῦκ
383 1792 550 1878 ἐπέρχεται
586 1792 632 1881 τῷ
657 1792 725 1876 τῆς
757 1787 884 1876 ἡδονῆς
916 1791 1075 1880 θαύματι.

60 1897 145 1968 ἀλλά
167 1900 223 1967 καλ
245 1898 409 1986 τράπεζαν
430 1895 607 1984 βασιλικῆν
629 1907 757 1985 κοσμεί,
784 1899 840 1965 καλ
863 1896 988 1977 παντὸς
1010 1903 1075 1967 δεί-

61 2031 149 2074 πνου
173 2003 303 2101 σεμνόν
330 2006 421 2072 ἐστιν
449 2002 716 2090 ἐγκαλλιλπισμα,
749 2003 804 2070 καὶ
831 2001 902 2071 οὔτ’
930 2000 1002 2095 (ἀν)
1026 2011 1117 2073 ἔνΒ

60 2122 216 2200 θρυπτον
249 2109 333 2202 [οὔτε
372 2108 533 2198 στρεπτὸν
569 2107 646 2177 οῦτε
674 2099 844 2196 νεῆλατον
880 2105 959 2178 οὔτε
994 2109 1074 2180 ἀλλο

61 2226 237 2307 καρυκείας
258 2225 356 2305 γένος
378 2214 481 2285 οῦδλν
505 2217 538 2295 ἐς
559 2215 597 2284 τὸ
622 2224 699 2283 ίσον
720 2212 885 2302 ἀφίκοιτο.
911 2222 1075 2288 τοσοῦτον

20 2344 47 2383 20
62 2324 151 2417 αὐτῷ
169 2329 238 2394 τῶν
255 2331 290 2392 τε
309 2323 421 2392 ἀλλων
439 2322 629 2410 ἐδεσμάτων
647 2323 703 2391 καὶ
724 2323 766 2410 δῆ
785 2325 841 2392 καὶ
859 2328 927 2393 τῦν
943 2325 1075 2395 ἑκαστα-

61 2436 124 2519 χοῦ
154 2439 300 2521 περίεστι
329 2434 391 2499 τοῦ
421 2430 604 2519 θαύματος.
649 2432 705 2500 καὶ
736 2431 776 2500 τά
792 2433 870 2520 ,μὲν
897 2432 981 2502 ἀλλα
1007 2437 1076 2502 τῦν

48 2536 176 2606 σύκων
203 2534 224 2625 ῆ
253 2536 426 2625 ὀπωρινῆν
453 2541 519 2622 ἔχει
546 2535 610 2624 τῆν
636 2537 764 2622 βρῶσιν
790 2534 812 2624 6
835 2540 1076 2627 τερσαινόμενα

62 2646 95 2723 ἐς
121 2643 159 2712 τὸ
188 2642 308 2731 ὅμοιον
336 2648 478 2730 ἔρχεται,
509 2641 548 2710 τὸ
572 2642 609 2710 δλ
632 2639 709 2730 παρ’
734 2640 816 2731 ἡμῖν
838 2644 947 2731 μόνον
969 2643 1078 2733 ἀμφο-

60 2757 177 2840 τερίζει
193 2755 249 2840 τῆ
281 2755 389 2840 χρείᾳ,
425 2750 480 2817 καλ
512 2750 617 2817 καλὸν
645 2750 708 2836 μέν
736 2751 826 2818 ἐστιν
854 2753 1076 2838 ἐπιδένδριον,

128 3050 146 3097 4
163 3044 323 3114 μεταβολῆς
340 3042 434 3110 Hrch.]
452 3041 504 3109 τῆς
522 3040 684 3164 μεταβολῆς
718 3047 734 3097 5
748 3039 832 3124 τοῦς]
851 3045 903 3112 τῆς
920 3049 944 3097 V
960 3037 1003 3112 Ι”
980 3025 1076 3129 ρισπερ

60 3121 222 3233 ’ἐεοερεολοιο
239 3119 283 3165 est
300 3118 330 3163 ut
347 3113 431 3163 4060
487 3099 667 3175 θῦσπερδλ
687 3102 763 3178 λλ]”
741 3128 835 3180 ωσπερ
889 3117 919 3164 11
938 3109 1075 3181 τρέφεται

28 3203 30 3207 ’
60 3179 101 3248 Η]
121 3176 235 3264 λέγεται
289 3185 320 3232 12
343 3184 491 3261 πανταχοι
508 3186 536 3231 et
558 3180 647 3230 hicet
664 3195 705 3235 vs
724 3183 756 3232 13
775 3183 948 3233 scribendum
967 3183 1078 3234 videtur

64 3254 94 3302 17
113 3240 177 3302 οῦτ’
196 3242 234 3300 ἀν
250 3246 357 3328 Πτολε]
376 3240 444 3300 οῦτε
515 3251 545 3298 17
564 3252 592 3297 et
611 3250 643 3297 18
670 3242 846 3328 ἔνθρυπτον]
875 3252 916 3300 Ex
933 3250 1075 3302 Demosth.

63 3321 157 3370 18260
226 3320 258 3368 19
281 3309 357 3376 ἐς
329 3331 362 3367 το
379 3315 443 3367 ίσον
460 3311 558 3382 Πτολε]
587 3309 666 3365 ἔσται
690 3307 807 3382 ἥδυσμα
829 3317 892 3369 ἴσον
912 3313 988 3382 (loon
1004 3309 1077 3382 V)
1058 3335 1076 3383 6

64 3379 221 3452 λέφίκοιτο
238 3385 297 3434 Pet.
331 3383 335 3446 Ι
367 3383 500 3436 τοιοῦτον
524 3389 578 3447 pet.
597 3383 772 3463 typothetae
793 3390 824 3434 ut
840 3385 964 3446 videtur,
984 3401 1076 3436 errore

61 3457 140 3506 ‘20et
158 3456 189 3502 21
217 3448 273 3502 τῶν
291 3441 450 3570 ἕκαστνοιχοῦ
469 3443 581 3503 σῦκωνλ
651 3443 715 3500 22’
702 3447 831 3519 οκωρινὰ
849 3453 887 3502 Ρο
955 3422 1078 3520 23ῆμικ

62 3539 134 3587 μ...
153 3512 390 3586 ἀμ....ρίζειλ’
