2416 3864
149 136 211 199 318
448 138 592 190 ιυιιεαι
612 140 859 192 Ιιιεειιετοεεε

148 262 186 332 τὸ
215 273 291 332 ἴσον
318 266 468 353 μετέχεις.
514 263 598 334 ἀλλὰ
624 269 728 335 ταῦτα
754 266 817 353 μὲν
844 261 1009 356 ὁποτέρου
1038 270 1161 354 μᾶλλον

148 365 192 438 ἀν
220 377 395 459 φαίνηται,
427 374 558 464 θατέρῳ
591 373 764 461 προσήκει,
796 375 852 441 καὶ
879 388 949 453 τοῖς
981 372 1161 460 βασκάνοις

149 473 251 546 οὐδὲν
278 476 370 546 ἐσται
397 478 499 546 πλέον
526 480 562 547 ἐκ
589 481 656 547 τῶν
684 478 802 566 λόγων.
869 542 874 558 ,
909 494 911 502 ’

224 580 323 670 Ἡμῖν
352 582 389 652 δὲ
417 585 590 653 ἐπανιτέον
618 586 670 653 ἐπὶ
703 583 764 654 τὸν
788 582 992 672 Ἀφρικανὸν
1020 587 1077 654 καὶ
1105 584 1159 654 τὸν

148 695 298 758 Λαίλιον.
345 687 457 775 ἐπειδὴ
486 689 549 776 γὰρ
578 688 723 780 ἀνῄρητο
752 690 814 777 μέν
841 687 861 777 ή
890 689 1082 778 Καρχηδὼν
1109 692 1176 771 καλε

104 794 187 863 Οτίι
223 797 297 883 περὶ
335 795 396 883 τήν
430 796 566 885 Λιβύην
603 793 732 864 ἅπαντα
769 799 828 884 τῆς
855 792 980 885 Ῥώμης
1017 797 1158 884 ἐγεγόνει

140 905 264 988 δοῦλα,
291 903 409 990 πέμπει
436 901 498 990 μὲν
523 900 722 991 Ἀφρικανὸς
748 900 808 970 τὸν
835 909 990 971 Λαίλιον·
1020 900 1156 990 ἀνήγετο

147 1007 184 1076 δέ
211 1010 337 1089 ἐκεῖνος
364 1005 540 1097 εὐαγγέλια
567 1012 607 1098 τῇ
634 1013 770 1098 πατρίδι
793 1011 920 1098 φέρων·
948 1009 1005 1076 καὶ
1035 1004 1155 1096 ὁὶλιη-

145 1119 232 1183 πίων
261 1112 383 1202 ήχθετο
411 1114 473 1201 μὲν
500 1111 762 1202 ἀπολειπόμενος
787 1117 850 1183 τοῦ
877 1121 997 1200 φίλου,
1027 1111 1069 1183 οὐ
1096 1112 1155 1203 μήν

146 1216 413 1308 ἀπαραμύθητον
445 1215 535 1310 αὐτῷ
562 1219 599 1288 τὸ
632 1220 743 1301 πάδος
771 1217 860 1312 ήίετο.
906 1221 962 1289 καὶ
989 1218 1051 1288 τὸν
1083 1224 1180 1288 Aul-1⁰

80 1394 81 1397 χ
145 1333 219 1391 λιον
252 1324 289 1393 δὲ
322 1329 555 1414 δυσχεραίνειν
587 1325 689 1411 είκός,
723 1324 835 1414 ἐπειδή
868 1325 972 1413 μόνος
1008 1322 1152 1415 ἀνήγετο,

145 1425 188 1498 οὐ
215 1429 281 1517 μήν
304 1427 478 1519 ἀφόρητον
505 1433 654 1509 ἐποιεῖτοΙ
670 1429 732 1519 τήν
760 1432 948 1521 συμφοράν.
986 1437 1078 1501 ἔπλει
1104 1431 1156 1501 καί,
1203 1424 1204 1428 “

147 1535 265 1604 Κότων
297 1534 470 1605 ἀπολιπὼν
506 1545 593 1606 οίκοι
629 1536 708 1618 τοὺς
745 1533 852 1606 αὑτοῦ
888 1537 1067 1626 συνήθεις,
1104 1537 1151 1607 καλ

144 1643 353 1733 Πυθαγόρας
381 1644 443 1730 [είς
471 1645 676 1730 Αίγυπτου],
703 1643 760 1712 καὶ
788 1643 931 1712 Πλάτων
958 1644 1015 1712 καὶ
1043 1643 1150 1732 Δημό-

99 1757 123 1809 D
143 1776 255 1836 κριτος
282 1746 406 1818 οὐδένα
424 1749 672 1837 παραλαβόντες
699 1747 866 1818 κοινωνὸν
884 1752 942 1837 τής
962 1745 1059 1848 ὁδοῦ,
1086 1755 1175 1844 καί-ο
1203 1840 1204 1843 ¹

143 1881 194 1922 τοι
233 1852 378 1937 πολλοὺς
418 1865 504 1924 οίκοι
544 1858 613 1923 τῶν
653 1855 822 1942 φιλτάτων
863 1852 1149 1943 ἀπολιμπάνοντες.

144 1961 381 2052 ἐστρατεύσατο
409 1962 464 2030 καὶ
482 1963 646 2050 Περικλῆς
674 1960 726 2029 ἐπὶ
753 1959 816 2048 τήν
835 1960 955 2049 Σάμον
974 1958 1038 2030 οὐκ
1066 1960 1150 2048 ἀγον

136 2065 202 2136 ’τὸν
229 2065 464 2157 Ἀναξαγόραν,
491 2069 547 2136 καὶ
574 2064 637 2155 τήν
654 2064 807 2153 Εὔβοιαν
834 2067 1062 2156 παρεστήσατο
1087 2081 1150 2145 ταῖς

142 2172 202 2260 μὲν
234 2175 364 2242 ἐκείνου
396 2180 549 2261 βουλαῖς,
587 2175 804 2242 ἐπεπαίδευτο
837 2170 900 2262 γάρ
933 2168 990 2244 ὑπ’
1031 2176 1150 2264 ἐκείνμ,

141 2275 179 2346 τό
212 2281 307 2365 σῶμα
345 2277 381 2347 δέ
415 2275 477 2347 οὐκ
509 2279 730 2367 ἐφελκόμενος
762 2275 872 2368 ὥσπερ
910 2275 990 2347 ἀλλο
1024 2306 1055 2347 τι
1088 2282 1178 2347 τῶνιι

89 2379 340 2469 νιείιναγκαίων
358 2381 441 2471 πρὸς
459 2382 518 2464 τὰς
536 2383 649 2472 μάχας.
681 2391 789 2453 καίτοι
807 2384 863 2453 καὶ
881 2386 1002 2452 τοῦτον
1021 2382 1151 2468 ἀκοντα,

142 2495 259 2575 φασίν,
284 2485 458 2577 Ἀθηναῖοι
476 2491 534 2576 τῆς
552 2488 636 2578 πρὸς
652 2488 713 2559 τόν
731 2489 936 2559 διδάσκαλον
964 2487 1150 2579 ἀπέστησαν

141 2600 334 2676 συνουσίας.
380 2591 451 2663 ἀλλ’
483 2600 602 2684 ἔφερεν
621 2591 666 2676 ὣς
689 2593 776 2685 ἀνὴρ
795 2601 933 2684 ἔμφρων
951 2593 1014 2682 τήν
1033 2593 1151 2665 ἀνοιαν

140 2702 208 2768 τῶν
241 2697 347 2770 αὑτοῦ
374 2704 520 2770 πολιτῶν
552 2703 717 2790 ἐγκρατῶς
750 2702 805 2770 καὶ
838 2701 959 2792 πρᾴως.
1006 2703 1063 2770 καὶ
1092 2700 1150 2788 γὰρ

140 2803 268 2896 ἀνάγκη
299 2810 340 2895 τῇ
367 2813 503 2897 πατρίδι
535 2807 688 2894 καθάπερ
720 2807 820 2895 μητρὶ
847 2811 984 2886 δικαίως
1011 2807 1073 2895 μὲν
1102 2803 1177 2891 οό,ο

208 3028 305 3081 λίσον
322 3029 361 3098 Μ]
380 3024 442 3081 ἶσον
475 3029 479 3093 Ι
511 3044 627 3093 μ...εις
644 3031 669 3080 V
737 3026 904 3098 2θατέρφ]
924 3025 974 3079 καί
991 3026 1149 3100 θατέριμΗ

139 3089 279 3149 3ἐστιΜ
363 3093 536 3148 ὅλέλιονν
616 3088 763 3162 6τήνοοι
790 3095 819 3146 Μ
896 3090 1069 3148 ἵλέλιονἾ
1135 3097 1148 3144 8

139 3161 234 3230 φέρων
251 3163 286 3233 τῇ
303 3162 423 3230 πατρίδι
439 3164 469 3215 Μ
553 3166 570 3214 9
594 3155 823 3230 ἀπολειπόμενος
840 3165 868 3214 Η
886 3167 914 3213 et
933 3159 1015 3230 coh]
1035 3157 1148 3215 ἀπολει-

138 3226 265 3308 πομένου
336 3235 367 3283 10
385 3225 463 3300 αὑτῷ
482 3228 519 3298 Η]
538 3221 616 3298 αὐτῷ
648 3226 774 3297 Ιλέλιον
791 3230 816 3281 V
886 3233 917 3282 13
935 3222 1027 3283 αὑτοῦ
1045 3228 1082 3297 H]
1101 3221 1148 3282 αό-
1202 3241 1204 3247 ’

138 3315 188 3350 του
248 3302 279 3350 14
298 3295 340 3360 είς
358 3298 504 3366 Αἴγυπτον
522 3301 646 3364 ineptum
665 3304 708 3349 est
725 3298 942 3349 additamentum
1000 3301 1032 3350 19
1050 3290 1148 3349 ἐκείνω

137 3364 203 3433 VM]
222 3357 335 3419 ἐκείνου
404 3370 437 3420 23
456 3359 521 3418 ἀλλ’
541 3361 657 3451 ξχιφρων
675 3355 715 3417 ἀν
732 3357 807 3433 ἀνὴρ
827 3360 912 3430 ἔφερε
930 3365 967 3427 Μ,
986 3381 1021 3443 ρει
1039 3380 1092 3432 quo
1111 3354 1148 3415 ὧν

135 3433 290 3565 ρδδίβετίφ
322 3434 326 3499 Ι
358 3424 462 3486 ἄνοιαν
481 3431 520 3498 M]
538 3449 660 3499 αγνοιαν
740 3435 773 3482 24
791 3425 883 3485 αδτοῦ
901 3430 938 3498 Η]
957 3431 1049 3485 αυτοῦ
1118 3432 1151 3482 25.
1201 3473 1204 3499 η

152 3516 261 3567 αναγκη
291 3517 309 3551 τ
