2416 3864
108 168 171 232 276
412 168 557 222 mmm
574 166 825 219 ιαεοειτοιιιε
879 213 891 219 -

111 301 216 365 οἰκεῖν
256 294 315 377 τὰς
348 292 493 384 Ἀθήνας
535 293 647 382 ἐπειδὴ
686 291 723 363 τὸ
761 293 939 382 δαιμόνιον
976 299 1024 376 είς
1065 294 1125 384 τὴν

110 402 286 491 Κόρινθον
314 399 498 490 ἀπήγαγεν,
526 398 666 489 ἀφεθείς
684 396 751 469 ὑπὸ
770 403 831 470 τοῦ
859 402 1046 490 πριαμένου
1066 401 1125 489 τὴν

57 510 214 579 213πόλιν
242 506 346 578 οὐκέτ’
377 505 473 603 ᾠήθη
502 514 575 577 δεῖν
591 491 759 577 ’ἐκλιπεῖν
788 507 957 576 ἐπέπειστο
982 506 1047 598 γὰρ
1067 504 1124 576 αό-

109 618 171 686 τοῦ
198 629 268 696 τοῖς
295 626 389 696 θεοῖς
416 617 526 703 μέλειν
555 623 602 696 είς
619 641 654 683 τε
672 612 734 701 τὴν
753 612 929 702 Κόρινθον
948 611 991 683 οὐ
1019 614 1125 703 μότην
1200 654 1202 657 -

111 720 192 792 οὐδὲ
218 722 302 792 κατά
329 748 404 790 τινα
433 727 628 809 συντυχίαν,
656 720 781 810 τρόπον
805 721 845 789 δέ
869 746 945 788 τινα
972 716 1039 789 ὑπὸ
1059 725 1146 790 τῶντ

110 833 203 898 θεῶν
231 830 486 917 είσπεπέμφθαι,
515 823 606 915 δρῶν
632 825 694 914 τὴν
721 826 820 896 πόλιν
847 829 1033 915 τρυφῶσαν
1060 830 1149 896 τῶν.

108 932 298 1022 Ἀθηναίων
330 938 457 1023 μᾶλλον
493 936 549 1003 καὶ
583 937 746 1022 δεομένην
782 938 932 1020 μείζονος
964 935 1020 1002 καὶ
1054 960 1124 1019 χεν-

112 1043 288 1132 ναιοτέρον
317 1043 562 1130 σωφρονιστοῦ.
607 1045 642 1108 τί
671 1041 723 1123 δέ;
757 1035 832 1127 οὐχὶ
859 1041 915 1109 καὶ,
947 1043 1009 1109 τοῦ
1036 1039 1125 1130 Κρά·
1186 1036 1187 1041 ’

112 1175 208 1235 τητος
235 1143 379 1235 μουσικὰ
406 1149 462 1215 καὶ
489 1151 644 1234 χαρίεντα
672 1148 808 1235 φέρεται
835 1144 940 1214 πολλὰ
969 1150 1126 1234 δείγματα

112 1257 170 1339 τῆς
206 1252 289 1341 πρὸς
320 1250 399 1333 τοὺς
435 1249 539 1330 θεοὺς
576 1247 747 1338 ὁσιότητός
778 1278 813 1320 τε
850 1247 906 1321 καὶ
938 1249 1126 1339 εὐλαβείαςς
1139 1274 1157 1313 10

113 1357 215 1426 ἄκουε
243 1360 328 1443 γοῦν
356 1354 441 1425 αότδι
459 1354 537 1446 παρ’
569 1352 675 1445 ἡμῶν,
703 1367 736 1426 εί
751 1378 804 1427 σοι
824 1355 867 1446 μὴ
888 1355 1148 1446 σχολὴχέχονεΙ
1184 1433 1185 1437 ¹

72 1478 95 1530 Β
114 1474 237 1551 μαθεῖν
265 1464 297 1544 ἐξ
326 1465 462 1533 ἐκείνων
490 1459 583 1531 αὐτά.
1180 1462 1183 1467 ’

145 1588 375 1676 Μνημοσύνης
402 1589 459 1657 καὶ
487 1586 597 1675 Ζηνὸς
621 1584 804 1676 Ὀλυμπίου
829 1585 937 1674 ιἰχλαδι
964 1589 1076 1676 τέκνα,

86 1772 90 1782 ,
194 1697 333 1765 Μοῦσαι
360 1692 526 1784 Πιερίδες,
553 1696 653 1762 κλῦτέ
678 1723 734 1783 μοι
762 1692 943 1786 εὐχομένην·

142 1801 274 1890 Χόρτον
302 1803 362 1890 ἐμῇ
391 1804 513 1889 συνεχῆ
542 1800 618 1869 δότε
646 1802 791 1889 γαστέρι,
818 1802 874 1870 καὶ
898 1801 973 1869 δότε
1000 1808 1102 1892 χωρίς
1137 1827 1155 1870 15

193 1906 432 1995 Δονλοσόνης,
459 1904 479 1995 ἢ
508 1903 550 1994 δὴ
579 1905 671 1976 λιτὸν
700 1913 800 1994 ἔθηκε
827 1914 914 1994 βίον.

510 2060 529 2103 τε
581 2059 601 2102 κ
651 2061 670 2103 κ
721 2061 740 2103 τε

192 2149 373 2238 Ὠφέλιμον
400 2149 438 2218 δὲ
466 2157 592 2237 φίλοις,
619 2147 663 2239 μη
691 2148 855 2241 γλυκερὸν
881 2152 999 2221 τίθετε.

76 2275 96 2330 O
142 2257 301 2344 Χρήματα
334 2253 366 2324 δ’
397 2253 459 2324 οὐκ
486 2257 591 2325 ἐθέλω
620 2247 780 2343 συνέχειν
806 2254 924 2343 κλυτὰ,
953 2258 1128 2349 κανθάρου

839 2447 841 2449 ¹
968 2360 1073 2451 όλβον
1141 2387 1160 2426 ν

201 2465 382 2554 Μόρμηκός
409 2463 437 2534 τ’
469 2465 594 2554 ἄφενος
621 2469 770 2559 χρήματα
798 2468 991 2557 μαιόμενος,

139 2569 234 2640 Ἀλλδι
263 2572 481 2661 δικαιοσύνης
508 2576 656 2663 μετέχειν
683 2576 738 2644 καλ
766 2578 914 2644 πλοῦτον
942 2572 1043 2664 ιἰσινῆ

195 2675 370 2767 Εὕφορον,
399 2677 571 2768 εόκτητον,
598 2688 710 2769 τίμιον
738 2686 785 2763 είς
812 2678 942 2771 ἀρετήν.

147 2788 222 2854 Τῶν
250 2784 287 2853 δέ
314 2784 425 2873 τυχὼν
444 2782 569 2876 Ἑρμῆν
590 2789 647 2858 καὶ
670 2788 814 2868 Μούσας
838 2785 968 2875 ίλόσομ’
1001 2785 1106 2876 ἁγνάς

73 2913 97 2966 Ι)
199 2889 251 2960 Οὐ
278 2891 443 2973 δαπάναις
470 2909 666 2984 τρυφεραῖς,
695 2890 767 2977 ἀλλ’
799 2890 931 2983 ιἰρεταῖς
959 2890 1078 2977 ὁσίαις.
1142 2914 1162 2956 ²5

118 3013 197 3108 ὁρᾷς
225 3013 274 3085 ὅτι
301 3013 511 3099 τούςδεοὺς
538 3010 711 3105 εὐφημῶν,
739 3013 814 3104 οὐχὶ
843 3017 879 3086 δὲ
907 3013 952 3100 ὡς
979 3017 1023 3088 σύ
1051 3027 1130 3107 βλα-

118 3126 262 3211 σφημῶν
298 3120 370 3192 κατ’
406 3121 519 3192 αὐτῶν
551 3120 685 3211 ηόχετο;
722 3122 824 3192 πόσαι
856 3122 920 3214 γὰρ
953 3125 1131 3241 ἑκατόμβαι

120 3335 214 3413 Cyrill
235 3353 258 3386 c.
276 3337 377 3388 Iulian.
396 3338 512 3389 11521)
532 3341 560 3387 et
578 3336 730 3391 Bernharni
751 3339 785 3390 ad
804 3336 880 3390 Suid
899 3340 936 3390 ΙΙ.
952 3342 1011 3404 lp.
1026 3341 1087 3403 274,
1102 3342 1132 3390 12

120 3406 150 3454 12
170 3393 257 3468 αότα]
278 3394 396 3456 αότῶνῖ
468 3406 566 3458 13-25
589 3405 668 3455 Haeo
686 3405 816 3473 leguntur
833 3407 917 3456 etiam
936 3423 1020 3492 supra
1043 3409 1130 3458 1991)

120 3475 147 3519 et
164 3471 258 3533 20οΑ,
277 3472 326 3522 ubi
343 3473 406 3523 vide
481 3476 514 3524 20
532 3460 617 3538 ολβον
635 3474 660 3525 V
723 3476 757 3524 24
775 3473 866 3526 τῶνδε
884 3468 1083 3557 ῩΙῖλασομαι
1100 3476 1131 3535 V,

114 3537 165 3586 sed
185 3542 337 3591 συνετοῖσιν
355 3540 456 3602 eadem,
476 3546 507 3591 ut
524 3542 642 3606 videtur,
662 3556 744 3606 manu
763 3543 792 3592 in
811 3535 924 3608 ῖλιέσομ’
993 3545 1026 3594 27
1044 3536 1130 3594 πόσαι
