2408 3856
371 895 643 970 IOTAIANOT
669 895 916 968 ΚΑΙΣΑΡΟΣ

179 1087 180 1090 ,
239 1034 330 1085 ΠΕΡΙ
353 1033 428 1084 mn
450 1033 527 1083 Του
551 1030 848 1083 ιυυοΚΡΑΤοΡοΣ
871 1024 1051 1087 ΠΡεΞοαα

461 1118 488 1167 Η
505 1118 601 1182 ΙΠΕΡΙ
623 1116 831 1172 mmmm

220 1260 287 1338 Τὸν
303 1258 448 1348 Ἀχιλλέα
476 1261 581 1349 φησὶν
604 1256 786 1349 ῆποίησις,
815 1257 914 1330 ὁπότε
942 1220 1078 1349 ἐμῆνισε
1095 1264 1153 1330 καὶ
1197 1302 1202 1351 2

137 1369 300 1457 διηνέχθη
328 1365 411 1457 πρὸς
429 1364 489 1436 τὸν
507 1368 656 1454 βασιλέα,
684 1378 837 1455 μεθεῖναι
856 1367 917 1455 μὲν
944 1382 1020 1436 ταῖν
1038 1382 1152 1458 χεροῖν
1166 1396 1180 1436 5

136 1473 198 1563 τῆν
226 1471 349 1562 αἰχμῆν
375 1475 431 1542 καὶ
457 1470 520 1561 τῆν
552 1470 692 1560 ἀσπίδα,
724 1474 907 1565 ψαλτήριον
935 1473 972 1543 δὲ
1006 1469 1152 1564 ἆρμοσοί-
1201 1472 1202 1476 ’

137 1608 240 1670 μενον
272 1582 328 1649 καὶ
359 1578 507 1669 κιθάραν
539 1576 634 1669 ᾅδειν
666 1581 725 1648 καλ
754 1575 874 1668 ὑμνεῖν
905 1582 973 1648 τῶν
1001 1575 1153 1668 ἡμιθέων
1197 1658 1199 1661 v

136 1686 194 1769 τὰς
221 1686 364 1777 πράξεις,
391 1688 448 1755 καὶ
474 1684 601 1773 ταύτην
629 1683 800 1773 διαγωγὴν
826 1688 885 1774 τῆς
910 1681 1052 1774 ἡσυχίας
1079 1712 1152 1755 ποι-

92 1812 118 1866 D
137 1804 265 1882 εῖσθαι,
302 1783 340 1861 εὖ
372 1791 459 1881 μάλα
492 1792 669 1882 ἐμφρόνως
699 1795 799 1861 τοῦτο
833 1794 1067 1880 διανοηθέντα.
1113 1790 1151 1861 τὸ

136 1900 198 1990 μὲν
225 1898 289 1990 γὰρ
321 1896 575 1988 ἀπεχθάνεσθαι
606 1900 662 1969 καὶ
690 1898 890 1989 παροξύνειν
921 1896 980 1967 τὸν
1013 1900 1151 1986 βασιλέα
1166 1926 1192 1965 10

138 2012 215 2077 λίαν
248 2005 398 2087 αὔθαδες
433 2007 489 2074 καλ
527 2002 657 2095 ὂίχριον·
693 2005 798 2092 τυχὸν
832 2004 868 2074 δέ
906 2001 987 2074 οὐδὲ
1024 2007 1152 2093 ἐκείνης

138 2111 317 2181 ἀπολύεται
343 2113 402 2200 τῆς
429 2112 580 2199 μέμψεως
604 2107 699 2198 ὁτῆς
720 2113 866 2198 Θέτιδος,
895 2109 946 2180 ὅτι
972 2113 1018 2203 τῷ
1046 2114 1152 2202 καιρῷ

135 2220 205 2286 τῶν
232 2223 341 2307 ἔργων
369 2222 416 2297 εἰς
444 2213 532 2308 ᾠδὰς
559 2219 759 2306 καταχρῆται
782 2219 838 2285 καὶ
865 2216 1048 2307 κρούματα,
1077 2215 1152 2297 ἐξὸν

136 2323 209 2392 τότε
237 2322 297 2411 μὲν
325 2327 460 2409 ἔχεσθαι
477 2325 545 2390 τῶν
574 2319 687 2392 ὅπλων
714 2321 838 2412 καὶμὴ
858 2325 1021 2411 μεθιέναι,
1050 2314 1153 2404 αὖθις

136 2429 174 2498 θλ
206 2426 260 2516 ἐφ’
294 2423 435 2516 ἡσυχίας
466 2422 585 2516 ὑμνεῖν
620 2427 681 2497 τὸν
706 2428 855 2515 ’βασιλέα
887 2430 943 2497 καλ
980 2426 1080 2519 ῆίθειν
1112 2427 1193 2524 τὺιιε

84 2563 118 2610 50
137 2533 387 2625 κατορθώματα.
434 2531 475 2603 οὑ
502 2533 570 2622 μὴν
598 2532 677 2604 οὐδὲ
704 2533 765 2604 τὸν
790 2531 1018 2623 Ἀχαμέμνονά
1046 2555 1153 2623 φησιν

136 2637 155 2711 ὁ
183 2639 291 2731 πατῆρ
324 2643 461 2709 ἐκείνων
488 2643 556 2708 τῶν
584 2641 695 2728 λόγων
726 2644 865 2730 μετρίως
892 2643 948 2709 καὶ
975 2643 1164 2722 πολιτικῶς,

136 2750 403 2837 προσενεχθῆναι
430 2750 475 2839 τῷ
504 2750 688 2839 στρατηγῷ,
716 2743 784 2815 ἀλλ’
806 2743 922 2836 ἆπειλῆ
940 2774 975 2816 τε
1001 2750 1151 2838 χρῆσθαι

136 2856 192 2923 καὶ
221 2859 329 2948 ἔργοις
348 2848 504 2943 ὑβρίζειν,
531 2855 593 2921 τοῦ
616 2855 721 2943 γέρως
748 2849 1009 2943 ἀφαιρούμενον.
1047 2853 1150 2922 συνά-

136 2988 207 3047 γων
225 2959 262 3028 δέ
281 2957 405 3041 αὐτοὺς
432 2962 465 3041 ἐς
483 2955 607 3028 ταύτὸν
634 2955 789 3047 ιἰλλῆλοις
808 2961 861 3027 ἐπὶ
888 2962 947 3046 τῆς
973 2962 1150 3049 ἐκκλησίας
1165 2984 1193 3024 ιο

136 3067 430 3156 μεταμελομένους,
457 3064 518 3134 τὸν
545 3065 606 3153 μέν
633 3067 692 3154 τῆς
721 3066 858 3146 Θέτιδος
885 3067 1055 3153 ἐκβοεόντα

204 3220 218 3267 1
233 3209 397 3269 Ἰουλιανοῦ
415 3214 553 3297 καίσαρος
564 3212 601 3282 V]
617 3205 778 3296 Ἰονλιανου
845 3206 895 3266 8
879 3234 898 3282 η
915 3212 993 3297 περὶ
1000 3215 1150 3296 βασιλείας

137 3279 200 3337 add
219 3285 278 3335 VM
346 3287 362 3336 8
385 3277 533 3350 θιαχοιχὴν
551 3281 620 3348 VM]
637 3278 690 3349 τὴν
709 3277 856 3403 διαχωηχν
925 3286 957 3333 12
979 3298 995 3333 ο
1014 3280 1079 3350 τῆς]
1099 3279 1150 3334 τόν

129 3351 263 3480 μῆχςωῖεΜ
331 3355 365 3403 20
387 3344 416 3413 ἐς
433 3349 471 3418 V]
492 3348 533 3411 εςῖ
602 3354 633 3401 21
652 3353 816 3418 μεταμελομ
832 3366 902 3410 vove
919 3349 954 3415 V]
972 3353 1149 3418 μεταμελομ-
