<?xml version="1.0" encoding="UTF-8"?>
<!DOCTYPE html PUBLIC "-//W3C//DTD XHTML 1.0 Transitional//EN"
    "http://www.w3.org/TR/xhtml1/DTD/xhtml1-transitional.dtd">
<html xmlns="http://www.w3.org/1999/xhtml" xml:lang="en" lang="en">
 <head>
  <title>
</title>
<meta http-equiv="Content-Type" content="text/html;charset=utf-8" />
  <meta name='ocr-system' content='tesseract 3.04.00' />
  <meta name='ocr-capabilities' content='ocr_page ocr_carea ocr_par ocr_line ocrx_word'/>
</head>
<body>
  <div class='ocr_page' id='page_1' title='image "./iulianiimperato01juligoog_0586.png"; bbox 0 0 2414 3862; ppageno 0'>
   <div class='ocr_carea' id='block_1_1' title="bbox 377 158 1076 242">
    <p class='ocr_par' dir='ltr' id='par_1_1' title="bbox 377 158 1076 242">
     <span class='ocr_line' id='line_1_1' title="bbox 377 158 1076 242; baseline 0.003 -32"><span class='ocrx_word' id='word_1_1' title='bbox 377 158 583 210; x_wconf 68' lang='grc' dir='ltr'><strong><em>ωειετοτεω</em></strong></span> <span class='ocrx_word' id='word_1_2' title='bbox 600 160 703 242; x_wconf 21' lang='grc' dir='ltr'><strong><em>ιτῃιε.</em></strong></span> <span class='ocrx_word' id='word_1_3' title='bbox 721 162 762 211; x_wconf 82' lang='grc' dir='ltr'><strong><em>ιο.</em></strong></span> <span class='ocrx_word' id='word_1_4' title='bbox 1012 158 1076 226; x_wconf 81' lang='lat'><strong><em>553</em></strong></span> 
     </span>
    </p>
   </div>
   <div class='ocr_carea' id='block_1_2' title="bbox 24 292 1195 2937">
    <p class='ocr_par' dir='ltr' id='par_1_2' title="bbox 35 292 1132 1128">
     <span class='ocr_line' id='line_1_2' title="bbox 61 292 1076 383; baseline 0.001 -21"><span class='ocrx_word' id='word_1_5' title='bbox 61 294 99 363; x_wconf 75' lang='lat' dir='ltr'><strong><em>dd</em></strong></span> <span class='ocrx_word' id='word_1_6' title='bbox 127 297 269 374; x_wconf 76' lang='grc' dir='ltr'><strong><em>ἐλπίδος.</em></strong></span> <span class='ocrx_word' id='word_1_7' title='bbox 313 298 409 374; x_wconf 81' lang='grc' dir='ltr'><strong><em>ἵλεως</em></strong></span> <span class='ocrx_word' id='word_1_8' title='bbox 439 294 477 362; x_wconf 73' lang='grc' dir='ltr'><strong><em>δέ</em></strong></span> <span class='ocrx_word' id='word_1_9' title='bbox 505 298 587 364; x_wconf 85' lang='grc' dir='ltr'><strong><em>ἐστω</em></strong></span> <span class='ocrx_word' id='word_1_10' title='bbox 614 305 685 374; x_wconf 81' lang='grc' dir='ltr'><strong><em>τοϊς</em></strong></span> <span class='ocrx_word' id='word_1_11' title='bbox 710 294 824 380; x_wconf 80' lang='grc' dir='ltr'><strong><em>λόγοις</em></strong></span> <span class='ocrx_word' id='word_1_12' title='bbox 845 293 942 383; x_wconf 77' lang='grc' dir='ltr'><strong><em>ἡμῶν</em></strong></span> <span class='ocrx_word' id='word_1_13' title='bbox 962 292 1076 382; x_wconf 85' lang='grc' dir='ltr'><strong><em>Ἀδρά-</em></strong></span> 
     </span>
     <span class='ocr_line' id='line_1_3' title="bbox 61 398 1120 492; baseline 0.002 -23"><span class='ocrx_word' id='word_1_14' title='bbox 61 420 168 469; x_wconf 88' lang='grc' dir='ltr'><strong><em>στεια·</em></strong></span> <span class='ocrx_word' id='word_1_15' title='bbox 203 402 267 490; x_wconf 81' lang='grc' dir='ltr'><strong><em>τὴν</em></strong></span> <span class='ocrx_word' id='word_1_16' title='bbox 298 401 362 489; x_wconf 84' lang='grc' dir='ltr'><strong><em>γὰρ</em></strong></span> <span class='ocrx_word' id='word_1_17' title='bbox 396 403 432 469; x_wconf 90' lang='grc' dir='ltr'><strong><em>ἐν</em></strong></span> <span class='ocrx_word' id='word_1_18' title='bbox 466 398 568 492; x_wconf 88' lang='grc' dir='ltr'><strong><em>ὀλίγῳ</em></strong></span> <span class='ocrx_word' id='word_1_19' title='bbox 599 400 760 487; x_wconf 73' lang='grc' dir='ltr'><strong><em>τοιαύτην</em></strong></span> <span class='ocrx_word' id='word_1_20' title='bbox 790 401 847 468; x_wconf 80' lang='grc' dir='ltr'><strong><em>καὶ</em></strong></span> <span class='ocrx_word' id='word_1_21' title='bbox 875 401 1120 489; x_wconf 84' lang='grc' dir='ltr'><strong><em>τηλικαύτηνΙ)</em></strong></span> 
     </span>
     <span class='ocr_line' id='line_1_4' title="bbox 61 503 1077 599; baseline 0.002 -22"><span class='ocrx_word' id='word_1_22' title='bbox 61 507 250 596; x_wconf 79' lang='grc' dir='ltr'><strong><em>μεταβολὴν</em></strong></span> <span class='ocrx_word' id='word_1_23' title='bbox 286 504 361 576; x_wconf 82' lang='grc' dir='ltr'><strong><em>οὐδ’</em></strong></span> <span class='ocrx_word' id='word_1_24' title='bbox 396 503 467 595; x_wconf 85' lang='grc' dir='ltr'><strong><em>(ἀν)</em></strong></span> <span class='ocrx_word' id='word_1_25' title='bbox 504 506 670 588; x_wconf 77' lang='grc' dir='ltr'><strong><em>εὔξασθαί</em></strong></span> <span class='ocrx_word' id='word_1_26' title='bbox 697 533 747 586; x_wconf 89' lang='grc' dir='ltr'><strong><em>τις</em></strong></span> <span class='ocrx_word' id='word_1_27' title='bbox 779 504 881 599; x_wconf 90' lang='grc' dir='ltr'><strong><em>ὀλίγῳ</em></strong></span> <span class='ocrx_word' id='word_1_28' title='bbox 913 508 1077 598; x_wconf 89' lang='grc' dir='ltr'><strong><em>πρότερον</em></strong></span> 
     </span>
     <span class='ocr_line' id='line_1_5' title="bbox 62 603 1078 702; baseline 0.004 -21"><span class='ocrx_word' id='word_1_29' title='bbox 62 614 192 701; x_wconf 80' lang='grc' dir='ltr'><strong><em>ἐτόλμα.</em></strong></span> <span class='ocrx_word' id='word_1_30' title='bbox 236 619 273 683; x_wconf 88' lang='grc' dir='ltr'><strong><em>τί</em></strong></span> <span class='ocrx_word' id='word_1_31' title='bbox 301 606 365 682; x_wconf 83' lang='grc' dir='ltr'><strong><em>οὖν</em></strong></span> <span class='ocrx_word' id='word_1_32' title='bbox 395 611 492 702; x_wconf 80' lang='grc' dir='ltr'><strong><em>ἡμεῖς</em></strong></span> <span class='ocrx_word' id='word_1_33' title='bbox 523 603 666 700; x_wconf 81' lang='grc' dir='ltr'><strong><em>οἰόμεθα</em></strong></span> <span class='ocrx_word' id='word_1_34' title='bbox 694 617 798 681; x_wconf 84' lang='grc' dir='ltr'><strong><em>ταύτα</em></strong></span> <span class='ocrx_word' id='word_1_35' title='bbox 830 610 960 702; x_wconf 80' lang='grc' dir='ltr'><strong><em>ἀρκεῖν,</em></strong></span> <span class='ocrx_word' id='word_1_36' title='bbox 997 611 1078 685; x_wconf 71' lang='grc' dir='ltr'><strong><em>ούδέ</em></strong></span> 
     </span>
     <span class='ocr_line' id='line_1_6' title="bbox 35 717 1078 809; baseline 0.005 -25"><span class='ocrx_word' id='word_1_37' title='bbox 35 719 310 808; x_wconf 78' lang='grc' dir='ltr'><strong><em>τάποβλέπομεν,</em></strong></span> <span class='ocrx_word' id='word_1_38' title='bbox 342 719 387 800; x_wconf 77' lang='grc' dir='ltr'><strong><em>ὡς</em></strong></span> <span class='ocrx_word' id='word_1_39' title='bbox 403 724 404 732; x_wconf 72' lang='grc'>’</span> <span class='ocrx_word' id='word_1_40' title='bbox 418 719 559 808; x_wconf 91' lang='grc' dir='ltr'><strong><em>μάλιστα</em></strong></span> <span class='ocrx_word' id='word_1_41' title='bbox 586 717 649 807; x_wconf 80' lang='grc' dir='ltr'><strong><em>τὴν</em></strong></span> <span class='ocrx_word' id='word_1_42' title='bbox 676 717 842 807; x_wconf 76' lang='grc' dir='ltr'><strong><em>ἀθεότητα</em></strong></span> <span class='ocrx_word' id='word_1_43' title='bbox 869 721 1078 809; x_wconf 85' lang='grc' dir='ltr'><strong><em>συνηύξησευ</em></strong></span> 
     </span>
     <span class='ocr_line' id='line_1_7' title="bbox 63 823 1117 915; baseline 0.004 -21"><span class='ocrx_word' id='word_1_44' title='bbox 63 826 178 915; x_wconf 79' lang='grc' dir='ltr'><strong><em>ἡπερδ</em></strong></span> <span class='ocrx_word' id='word_1_45' title='bbox 196 823 277 906; x_wconf 82' lang='grc' dir='ltr'><strong><em>τοὺς</em></strong></span> <span class='ocrx_word' id='word_1_46' title='bbox 295 826 410 907; x_wconf 78' lang='grc' dir='ltr'><strong><em>ξένους</em></strong></span> <span class='ocrx_word' id='word_1_47' title='bbox 428 832 668 913; x_wconf 76' lang='grc' dir='ltr'><strong><em>φιλανθρωπία</em></strong></span> <span class='ocrx_word' id='word_1_48' title='bbox 685 827 741 894; x_wconf 78' lang='grc' dir='ltr'><strong><em>καὶ</em></strong></span> <span class='ocrx_word' id='word_1_49' title='bbox 761 823 782 914; x_wconf 84' lang='grc' dir='ltr'><em>ἡ</em></span> <span class='ocrx_word' id='word_1_50' title='bbox 801 827 876 915; x_wconf 83' lang='grc' dir='ltr'><strong><em>περὶ</em></strong></span> <span class='ocrx_word' id='word_1_51' title='bbox 893 825 953 906; x_wconf 87' lang='grc' dir='ltr'><strong><em>τάς</em></strong></span> <span class='ocrx_word' id='word_1_52' title='bbox 970 827 1078 914; x_wconf 83' lang='grc' dir='ltr'><strong><em>ταφάς</em></strong></span> <span class='ocrx_word' id='word_1_53' title='bbox 1091 857 1117 899; x_wconf 73' lang='lat' dir='ltr'><strong><em>so</em></strong></span> 
     </span>
     <span class='ocr_line' id='line_1_8' title="bbox 62 929 1079 1022; baseline 0.002 -21"><span class='ocrx_word' id='word_1_54' title='bbox 62 937 131 1002; x_wconf 79' lang='grc' dir='ltr'><strong><em>τῶν</em></strong></span> <span class='ocrx_word' id='word_1_55' title='bbox 163 937 293 1021; x_wconf 77' lang='grc' dir='ltr'><strong><em>νεκρῶν</em></strong></span> <span class='ocrx_word' id='word_1_56' title='bbox 309 931 516 1021; x_wconf 75' lang='grc' dir='ltr'><strong><em>’προμήθεια</em></strong></span> <span class='ocrx_word' id='word_1_57' title='bbox 541 931 598 999; x_wconf 84' lang='grc' dir='ltr'><strong><em>καὶ</em></strong></span> <span class='ocrx_word' id='word_1_58' title='bbox 627 929 648 1019; x_wconf 81' lang='grc' dir='ltr'><strong><em>η</em></strong></span> <span class='ocrx_word' id='word_1_59' title='bbox 676 934 888 1019; x_wconf 76' lang='grc' dir='ltr'><strong><em>πεπλασμένη</em></strong></span> <span class='ocrx_word' id='word_1_60' title='bbox 916 934 1079 1022; x_wconf 82' lang='grc' dir='ltr'><strong><em>σεμνότης</em></strong></span> 
     </span>
     <span class='ocr_line' id='line_1_9' title="bbox 62 1031 1132 1128; baseline 0.005 -20"><span class='ocrx_word' id='word_1_61' title='bbox 62 1037 145 1108; x_wconf 85' lang='grc' dir='ltr'><strong><em>κατά</em></strong></span> <span class='ocrx_word' id='word_1_62' title='bbox 162 1036 228 1107; x_wconf 69' lang='grc' dir='ltr'><strong><em>,τὸν</em></strong></span> <span class='ocrx_word' id='word_1_63' title='bbox 250 1043 345 1124; x_wconf 72' lang='grc' dir='ltr'><strong><em>βίους</em></strong></span> <span class='ocrx_word' id='word_1_64' title='bbox 368 1031 418 1106; x_wconf 79' lang='grc' dir='ltr'><strong><em>όν</em></strong></span> <span class='ocrx_word' id='word_1_65' title='bbox 440 1038 586 1106; x_wconf 83' lang='grc' dir='ltr'><strong><em>ἕκαστον</em></strong></span> <span class='ocrx_word' id='word_1_66' title='bbox 603 1046 716 1125; x_wconf 86' lang='grc' dir='ltr'><strong><em>οίομαι</em></strong></span> <span class='ocrx_word' id='word_1_67' title='bbox 739 1042 861 1126; x_wconf 80' lang='grc' dir='ltr'><strong><em>χρῆναι</em></strong></span> <span class='ocrx_word' id='word_1_68' title='bbox 882 1037 961 1127; x_wconf 91' lang='grc' dir='ltr'><strong><em>παρ’</em></strong></span> <span class='ocrx_word' id='word_1_69' title='bbox 982 1038 1132 1128; x_wconf 76' lang='grc' dir='ltr'><strong><em>ημῶνεεο</em></strong></span> 
     </span>
    </p>

    <p class='ocr_par' dir='ltr' id='par_1_3' title="bbox 30 1141 1079 1233">
     <span class='ocr_line' id='line_1_10' title="bbox 30 1141 1079 1233; baseline 0.005 -24"><span class='ocrx_word' id='word_1_70' title='bbox 30 1143 199 1233; x_wconf 78' lang='grc' dir='ltr'><strong><em>,ἀληθῶς</em></strong></span> <span class='ocrx_word' id='word_1_71' title='bbox 227 1143 490 1232; x_wconf 82' lang='grc' dir='ltr'><strong><em>ἐπιτηδεύεσθαι.</em></strong></span> <span class='ocrx_word' id='word_1_72' title='bbox 534 1144 589 1212; x_wconf 80' lang='grc' dir='ltr'><strong><em>καὶ</em></strong></span> <span class='ocrx_word' id='word_1_73' title='bbox 613 1142 675 1212; x_wconf 90' lang='grc' dir='ltr'><strong><em>ούκ</em></strong></span> <span class='ocrx_word' id='word_1_74' title='bbox 697 1141 825 1233; x_wconf 77' lang='grc' dir='ltr'><strong><em>ἀπόχρη</em></strong></span> <span class='ocrx_word' id='word_1_75' title='bbox 847 1144 886 1214; x_wconf 86' lang='grc' dir='ltr'><strong><em>τὸ</em></strong></span> <span class='ocrx_word' id='word_1_76' title='bbox 910 1145 948 1214; x_wconf 79' lang='grc' dir='ltr'><strong><em>σέ</em></strong></span> <span class='ocrx_word' id='word_1_77' title='bbox 970 1146 1079 1233; x_wconf 90' lang='grc' dir='ltr'><strong><em>μόνον</em></strong></span> 
     </span>
    </p>

    <p class='ocr_par' dir='ltr' id='par_1_4' title="bbox 24 1247 1080 1761">
     <span class='ocr_line' id='line_1_11' title="bbox 24 1247 1079 1341; baseline 0.001 -21"><span class='ocrx_word' id='word_1_78' title='bbox 24 1274 50 1313; x_wconf 84' lang='lat'><strong><em>10</em></strong></span> <span class='ocrx_word' id='word_1_79' title='bbox 64 1250 151 1320; x_wconf 86' lang='grc' dir='ltr'><strong><em>είναι</em></strong></span> <span class='ocrx_word' id='word_1_80' title='bbox 187 1255 359 1335; x_wconf 84' lang='grc' dir='ltr'><strong><em>τοιοῦτον,</em></strong></span> <span class='ocrx_word' id='word_1_81' title='bbox 395 1247 479 1318; x_wconf 87' lang='grc' dir='ltr'><strong><em>ἀλλά</em></strong></span> <span class='ocrx_word' id='word_1_82' title='bbox 509 1249 636 1329; x_wconf 85' lang='grc' dir='ltr'><strong><em>πάντας</em></strong></span> <span class='ocrx_word' id='word_1_83' title='bbox 667 1248 865 1332; x_wconf 78' lang='grc' dir='ltr'><strong><em>ἁπαξαπλῶς</em></strong></span> <span class='ocrx_word' id='word_1_84' title='bbox 896 1249 971 1320; x_wconf 84' lang='grc' dir='ltr'><strong><em>ὅσοι</em></strong></span> <span class='ocrx_word' id='word_1_85' title='bbox 1003 1254 1079 1341; x_wconf 76' lang='grc' dir='ltr'><strong><em>περὶ</em></strong></span> 
     </span>
     <span class='ocr_line' id='line_1_12' title="bbox 63 1353 1079 1447; baseline 0 -19"><span class='ocrx_word' id='word_1_86' title='bbox 63 1359 127 1447; x_wconf 80' lang='grc' dir='ltr'><strong><em>τὴν</em></strong></span> <span class='ocrx_word' id='word_1_87' title='bbox 141 1365 309 1427; x_wconf 85' lang='grc' dir='ltr'><strong><em>Γαλατίαν</em></strong></span> <span class='ocrx_word' id='word_1_88' title='bbox 331 1357 419 1433; x_wconf 79' lang='grc' dir='ltr'><strong><em>είσὶν</em></strong></span> <span class='ocrx_word' id='word_1_89' title='bbox 441 1360 553 1444; x_wconf 81' lang='grc' dir='ltr'><strong><em>ίερείς·</em></strong></span> <span class='ocrx_word' id='word_1_90' title='bbox 578 1353 639 1436; x_wconf 78' lang='grc' dir='ltr'><strong><em>οὓς</em></strong></span> <span class='ocrx_word' id='word_1_91' title='bbox 659 1353 681 1443; x_wconf 77' lang='grc' dir='ltr'>ἢ</span> <span class='ocrx_word' id='word_1_92' title='bbox 700 1357 903 1444; x_wconf 78' lang='grc' dir='ltr'><strong><em>δυσύπησον</em></strong></span> <span class='ocrx_word' id='word_1_93' title='bbox 921 1354 942 1446; x_wconf 81' lang='grc' dir='ltr'>ἢ</span> <span class='ocrx_word' id='word_1_94' title='bbox 960 1369 1079 1428; x_wconf 78' lang='grc' dir='ltr'><strong><em>πεῖσον</em></strong></span> 
     </span>
     <span class='ocr_line' id='line_1_13' title="bbox 65 1455 1079 1552; baseline 0.001 -20"><span class='ocrx_word' id='word_1_95' title='bbox 65 1463 152 1533; x_wconf 79' lang='grc' dir='ltr'><strong><em>εἶναι</em></strong></span> <span class='ocrx_word' id='word_1_96' title='bbox 183 1455 403 1547; x_wconf 87' lang='grc' dir='ltr'><strong><em>σπουδαίους,</em></strong></span> <span class='ocrx_word' id='word_1_97' title='bbox 439 1458 460 1549; x_wconf 80' lang='grc' dir='ltr'><em>ἢ</em></span> <span class='ocrx_word' id='word_1_98' title='bbox 487 1466 545 1549; x_wconf 82' lang='grc' dir='ltr'><strong><em>τῆς</em></strong></span> <span class='ocrx_word' id='word_1_99' title='bbox 575 1467 740 1551; x_wconf 80' lang='grc' dir='ltr'><strong><em>ἱερατικῆς</em></strong></span> <span class='ocrx_word' id='word_1_100' title='bbox 765 1471 974 1552; x_wconf 85' lang='grc' dir='ltr'><strong><em>λειτουργίας</em></strong></span> <span class='ocrx_word' id='word_1_101' title='bbox 1000 1463 1079 1533; x_wconf 88' lang='grc' dir='ltr'><strong><em>ἀπο-</em></strong></span> 
     </span>
     <span class='ocr_line' id='line_1_14' title="bbox 65 1566 1080 1658; baseline 0 -19"><span class='ocrx_word' id='word_1_102' title='bbox 65 1590 205 1658; x_wconf 89' lang='grc' dir='ltr'><strong><em>στησον,</em></strong></span> <span class='ocrx_word' id='word_1_103' title='bbox 237 1573 268 1635; x_wconf 88' lang='grc' dir='ltr'><strong><em>εί</em></strong></span> <span class='ocrx_word' id='word_1_104' title='bbox 293 1567 338 1655; x_wconf 81' lang='grc' dir='ltr'><strong><em>μὴ</em></strong></span> <span class='ocrx_word' id='word_1_105' title='bbox 365 1568 604 1657; x_wconf 86' lang='grc' dir='ltr'><strong><em>προσέρχοιντο</em></strong></span> <span class='ocrx_word' id='word_1_106' title='bbox 631 1566 712 1654; x_wconf 85' lang='grc' dir='ltr'><strong><em>μετὰ</em></strong></span> <span class='ocrx_word' id='word_1_107' title='bbox 735 1574 906 1654; x_wconf 74' lang='grc' dir='ltr'><strong><em>γυναικῶν</em></strong></span> <span class='ocrx_word' id='word_1_108' title='bbox 927 1571 983 1639; x_wconf 83' lang='grc' dir='ltr'><strong><em>καὶ</em></strong></span> <span class='ocrx_word' id='word_1_109' title='bbox 1005 1577 1080 1639; x_wconf 90' lang='grc' dir='ltr'><strong><em>παί-</em></strong></span> 
     </span>
     <span class='ocr_line' id='line_1_15' title="bbox 66 1672 1080 1761; baseline -0.002 -15"><span class='ocrx_word' id='word_1_110' title='bbox 66 1676 214 1746; x_wconf 82' lang='grc' dir='ltr'><strong><em>δωνκαί</em></strong></span> <span class='ocrx_word' id='word_1_111' title='bbox 237 1674 460 1761; x_wconf 85' lang='grc' dir='ltr'><strong><em>θεραπόντων</em></strong></span> <span class='ocrx_word' id='word_1_112' title='bbox 482 1688 552 1753; x_wconf 79' lang='grc' dir='ltr'><strong><em>τοῖς</em></strong></span> <span class='ocrx_word' id='word_1_113' title='bbox 573 1683 683 1758; x_wconf 79' lang='grc' dir='ltr'><strong><em>θεοῖς,</em></strong></span> <span class='ocrx_word' id='word_1_114' title='bbox 711 1672 795 1742; x_wconf 85' lang='grc' dir='ltr'><strong><em>ἀλλά</em></strong></span> <span class='ocrx_word' id='word_1_115' title='bbox 815 1672 988 1761; x_wconf 79' lang='grc' dir='ltr'><strong><em>ἀνέχοιντο</em></strong></span> <span class='ocrx_word' id='word_1_116' title='bbox 1011 1681 1080 1744; x_wconf 77' lang='grc' dir='ltr'><strong><em>τῶν</em></strong></span> 
     </span>
    </p>

    <p class='ocr_par' dir='ltr' id='par_1_5' title="bbox 26 1776 1120 2297">
     <span class='ocr_line' id='line_1_16' title="bbox 26 1776 1120 1869; baseline 0.001 -18"><span class='ocrx_word' id='word_1_117' title='bbox 26 1812 51 1852; x_wconf 80' lang='lat'><strong><em>15</em></strong></span> <span class='ocrx_word' id='word_1_118' title='bbox 66 1788 204 1855; x_wconf 81' lang='grc' dir='ltr'><strong><em>οίκετῶν</em></strong></span> <span class='ocrx_word' id='word_1_119' title='bbox 230 1778 377 1868; x_wconf 26' lang='grc' dir='ltr'><strong><em>ἢιυίέων</em></strong></span> <span class='ocrx_word' id='word_1_120' title='bbox 399 1776 420 1868; x_wconf 79' lang='grc' dir='ltr'><strong><em>ἢ</em></strong></span> <span class='ocrx_word' id='word_1_121' title='bbox 443 1785 512 1849; x_wconf 79' lang='grc' dir='ltr'><strong><em>τῶν</em></strong></span> <span class='ocrx_word' id='word_1_122' title='bbox 534 1784 687 1868; x_wconf 79' lang='grc' dir='ltr'><strong><em>γαμετῶν</em></strong></span> <span class='ocrx_word' id='word_1_123' title='bbox 710 1776 926 1867; x_wconf 73' lang='grc' dir='ltr'><strong><em>ἀσεβούντων</em></strong></span> <span class='ocrx_word' id='word_1_124' title='bbox 948 1782 1080 1869; x_wconf 51' lang='lat' dir='ltr'><strong><em>,daces</em></strong></span> <span class='ocrx_word' id='word_1_125' title='bbox 1098 1799 1120 1853; x_wconf 88' lang='grc' dir='ltr'><strong>Β</strong></span> 
     </span>
     <span class='ocr_line' id='line_1_17' title="bbox 65 1883 1080 1975; baseline -0.005 -13"><span class='ocrx_word' id='word_1_126' title='bbox 65 1891 144 1971; x_wconf 80' lang='grc' dir='ltr'><strong><em>τοὺς</em></strong></span> <span class='ocrx_word' id='word_1_127' title='bbox 179 1887 297 1972; x_wconf 80' lang='grc' dir='ltr'><strong><em>θεοὺς,</em></strong></span> <span class='ocrx_word' id='word_1_128' title='bbox 334 1883 500 1974; x_wconf 88' lang='grc' dir='ltr'><strong><em>ἀθεότητα</em></strong></span> <span class='ocrx_word' id='word_1_129' title='bbox 537 1886 575 1954; x_wconf 78' lang='lat' dir='ltr'><strong><em>dd</em></strong></span> <span class='ocrx_word' id='word_1_130' title='bbox 606 1892 801 1973; x_wconf 84' lang='grc' dir='ltr'><strong><em>θεοσεβείας</em></strong></span> <span class='ocrx_word' id='word_1_131' title='bbox 831 1888 1080 1975; x_wconf 76' lang='grc' dir='ltr'><strong><em>προτιμώντων.</em></strong></span> 
     </span>
     <span class='ocr_line' id='line_1_18' title="bbox 67 1992 1080 2084; baseline -0.003 -17"><span class='ocrx_word' id='word_1_132' title='bbox 67 2005 177 2067; x_wconf 83' lang='grc' dir='ltr'><strong><em>ἔπειτα</em></strong></span> <span class='ocrx_word' id='word_1_133' title='bbox 212 2001 418 2083; x_wconf 91' lang='grc' dir='ltr'><strong><em>παραίνεσον</em></strong></span> <span class='ocrx_word' id='word_1_134' title='bbox 456 1994 544 2082; x_wconf 85' lang='grc' dir='ltr'><strong><em>ίερέα</em></strong></span> <span class='ocrx_word' id='word_1_135' title='bbox 577 1992 659 2081; x_wconf 81' lang='grc' dir='ltr'><strong><em>μήτε</em></strong></span> <span class='ocrx_word' id='word_1_136' title='bbox 689 1992 822 2084; x_wconf 80' lang='grc' dir='ltr'><strong><em>θεάτρῳ</em></strong></span> <span class='ocrx_word' id='word_1_137' title='bbox 854 1994 1080 2083; x_wconf 78' lang='grc' dir='ltr'><strong><em>παραβάλλειν</em></strong></span> 
     </span>
     <span class='ocr_line' id='line_1_19' title="bbox 66 2095 1081 2193; baseline -0.002 -21"><span class='ocrx_word' id='word_1_138' title='bbox 66 2104 147 2193; x_wconf 82' lang='grc' dir='ltr'><strong><em>μήτε</em></strong></span> <span class='ocrx_word' id='word_1_139' title='bbox 170 2104 208 2171; x_wconf 79' lang='grc' dir='ltr'><strong><em>ἐν</em></strong></span> <span class='ocrx_word' id='word_1_140' title='bbox 229 2107 395 2192; x_wconf 80' lang='grc' dir='ltr'><strong><em>καπηλείῳ</em></strong></span> <span class='ocrx_word' id='word_1_141' title='bbox 418 2106 529 2168; x_wconf 89' lang='grc' dir='ltr'><strong><em>πίνειν</em></strong></span> <span class='ocrx_word' id='word_1_142' title='bbox 553 2095 573 2186; x_wconf 80' lang='grc' dir='ltr'><strong><em>ἢ</em></strong></span> <span class='ocrx_word' id='word_1_143' title='bbox 596 2100 713 2187; x_wconf 81' lang='grc' dir='ltr'><strong><em>τέχνης</em></strong></span> <span class='ocrx_word' id='word_1_144' title='bbox 734 2098 826 2180; x_wconf 90' lang='grc' dir='ltr'><strong><em>τινὸς</em></strong></span> <span class='ocrx_word' id='word_1_145' title='bbox 847 2101 902 2169; x_wconf 80' lang='grc' dir='ltr'><strong><em>καὶ</em></strong></span> <span class='ocrx_word' id='word_1_146' title='bbox 926 2103 1081 2190; x_wconf 82' lang='grc' dir='ltr'><strong><em>ἐργασίας</em></strong></span> 
     </span>
     <span class='ocr_line' id='line_1_20' title="bbox 67 2206 1081 2297; baseline -0.004 -18"><span class='ocrx_word' id='word_1_147' title='bbox 67 2214 205 2297; x_wconf 81' lang='grc' dir='ltr'><strong><em>αἰσχράς</em></strong></span> <span class='ocrx_word' id='word_1_148' title='bbox 230 2208 286 2276; x_wconf 83' lang='grc' dir='ltr'><strong><em>καὶ</em></strong></span> <span class='ocrx_word' id='word_1_149' title='bbox 314 2208 544 2275; x_wconf 79' lang='grc' dir='ltr'><strong><em>ἐπονειδίστου</em></strong></span> <span class='ocrx_word' id='word_1_150' title='bbox 571 2212 810 2291; x_wconf 81' lang='grc' dir='ltr'><strong><em>προίστασθαι·</em></strong></span> <span class='ocrx_word' id='word_1_151' title='bbox 839 2207 895 2274; x_wconf 82' lang='grc' dir='ltr'><strong><em>καὶ</em></strong></span> <span class='ocrx_word' id='word_1_152' title='bbox 916 2206 997 2287; x_wconf 82' lang='grc' dir='ltr'><strong><em>τοὺς</em></strong></span> <span class='ocrx_word' id='word_1_153' title='bbox 1018 2209 1081 2296; x_wconf 73' lang='grc' dir='ltr'><strong><em>μὲν</em></strong></span> 
     </span>
    </p>

    <p class='ocr_par' dir='ltr' id='par_1_6' title="bbox 25 2308 1154 2830">
     <span class='ocr_line' id='line_1_21' title="bbox 25 2308 1089 2402; baseline 0.001 -20"><span class='ocrx_word' id='word_1_154' title='bbox 25 2343 53 2382; x_wconf 79' lang='grc' dir='ltr'><strong><em>εο</em></strong></span> <span class='ocrx_word' id='word_1_155' title='bbox 66 2316 291 2402; x_wconf 88' lang='grc' dir='ltr'><strong><em>πειθομένους</em></strong></span> <span class='ocrx_word' id='word_1_156' title='bbox 312 2320 405 2401; x_wconf 87' lang='grc' dir='ltr'><strong><em>τίμα,</em></strong></span> <span class='ocrx_word' id='word_1_157' title='bbox 426 2311 506 2391; x_wconf 85' lang='grc' dir='ltr'><strong><em>τοὺς</em></strong></span> <span class='ocrx_word' id='word_1_158' title='bbox 529 2311 566 2379; x_wconf 75' lang='grc' dir='ltr'><strong><em>δὲ</em></strong></span> <span class='ocrx_word' id='word_1_159' title='bbox 589 2308 815 2394; x_wconf 77' lang='grc' dir='ltr'><strong><em>ἀπειθοῦντας</em></strong></span> <span class='ocrx_word' id='word_1_160' title='bbox 837 2312 964 2394; x_wconf 81' lang='grc' dir='ltr'><strong><em>ἐξύθει.</em></strong></span> <span class='ocrx_word' id='word_1_161' title='bbox 992 2316 1089 2396; x_wconf 41' lang='lat' dir='ltr'><strong><em>{evum</em></strong></span> 
     </span>
     <span class='ocr_line' id='line_1_22' title="bbox 68 2417 1078 2507; baseline 0 -16"><span class='ocrx_word' id='word_1_162' title='bbox 68 2429 183 2492; x_wconf 82' lang='grc' dir='ltr'><strong><em>δοκεία</em></strong></span> <span class='ocrx_word' id='word_1_163' title='bbox 213 2419 293 2490; x_wconf 85' lang='grc' dir='ltr'><strong><em>καθ’</em></strong></span> <span class='ocrx_word' id='word_1_164' title='bbox 326 2418 467 2505; x_wconf 81' lang='grc' dir='ltr'><strong><em>ἑκάστην</em></strong></span> <span class='ocrx_word' id='word_1_165' title='bbox 499 2417 600 2486; x_wconf 90' lang='grc' dir='ltr'><strong><em>πόλιν</em></strong></span> <span class='ocrx_word' id='word_1_166' title='bbox 630 2418 838 2507; x_wconf 84' lang='grc' dir='ltr'><strong><em>κατάστησον</em></strong></span> <span class='ocrx_word' id='word_1_167' title='bbox 870 2421 996 2507; x_wconf 88' lang='grc' dir='ltr'><strong><em>πυκνά,</em></strong></span> <span class='ocrx_word' id='word_1_168' title='bbox 1032 2421 1078 2492; x_wconf 78' lang='grc' dir='ltr'><strong><em>ἵν’</em></strong></span> 
     </span>
     <span class='ocr_line' id='line_1_23' title="bbox 67 2522 1154 2616; baseline 0 -18"><span class='ocrx_word' id='word_1_169' title='bbox 67 2527 305 2598; x_wconf 87' lang='grc' dir='ltr'><strong><em>ἀπολαύσωσιν</em></strong></span> <span class='ocrx_word' id='word_1_170' title='bbox 332 2529 368 2594; x_wconf 88' lang='grc' dir='ltr'><strong><em>οί</em></strong></span> <span class='ocrx_word' id='word_1_171' title='bbox 395 2526 484 2606; x_wconf 83' lang='grc' dir='ltr'><strong><em>ξένοι</em></strong></span> <span class='ocrx_word' id='word_1_172' title='bbox 510 2527 569 2611; x_wconf 81' lang='grc' dir='ltr'><strong><em>τῆς</em></strong></span> <span class='ocrx_word' id='word_1_173' title='bbox 589 2522 669 2613; x_wconf 88' lang='grc' dir='ltr'><strong><em>παρ’</em></strong></span> <span class='ocrx_word' id='word_1_174' title='bbox 694 2523 789 2612; x_wconf 79' lang='grc' dir='ltr'><strong><em>ἡμῶν</em></strong></span> <span class='ocrx_word' id='word_1_175' title='bbox 812 2535 1121 2616; x_wconf 85' lang='grc' dir='ltr'><strong><em>φιλανθρωπίας,0</em></strong></span> <span class='ocrx_word' id='word_1_176' title='bbox 1150 2569 1154 2576; x_wconf 97' lang='grc'>-</span> 
     </span>
     <span class='ocr_line' id='line_1_24' title="bbox 68 2630 1081 2721; baseline 0 -17"><span class='ocrx_word' id='word_1_177' title='bbox 68 2635 111 2704; x_wconf 85' lang='grc' dir='ltr'><strong><em>ού</em></strong></span> <span class='ocrx_word' id='word_1_178' title='bbox 141 2639 210 2703; x_wconf 76' lang='grc' dir='ltr'><strong><em>τῶν</em></strong></span> <span class='ocrx_word' id='word_1_179' title='bbox 241 2632 410 2721; x_wconf 77' lang='grc' dir='ltr'><strong><em>ἡμετέρων</em></strong></span> <span class='ocrx_word' id='word_1_180' title='bbox 437 2631 560 2719; x_wconf 86' lang='grc' dir='ltr'><strong><em>μόνον,</em></strong></span> <span class='ocrx_word' id='word_1_181' title='bbox 592 2630 675 2699; x_wconf 85' lang='grc' dir='ltr'><strong><em>ἀλλὰ</em></strong></span> <span class='ocrx_word' id='word_1_182' title='bbox 703 2633 758 2700; x_wconf 82' lang='grc' dir='ltr'><strong><em>καὶ</em></strong></span> <span class='ocrx_word' id='word_1_183' title='bbox 777 2631 898 2702; x_wconf 83' lang='grc' dir='ltr'><strong><em>’ἀλλων</em></strong></span> <span class='ocrx_word' id='word_1_184' title='bbox 925 2633 1017 2715; x_wconf 81' lang='grc' dir='ltr'><strong><em>ὅστις</em></strong></span> <span class='ocrx_word' id='word_1_185' title='bbox 1037 2633 1081 2705; x_wconf 89' lang='grc' dir='ltr'><strong><em>ἀν</em></strong></span> 
     </span>
     <span class='ocr_line' id='line_1_25' title="bbox 68 2733 1085 2830; baseline 0 -20"><span class='ocrx_word' id='word_1_186' title='bbox 68 2734 214 2830; x_wconf 71' lang='grc' dir='ltr'><strong><em>ἐνδεηθῇ</em></strong></span> <span class='ocrx_word' id='word_1_187' title='bbox 237 2738 439 2829; x_wconf 80' lang='grc' dir='ltr'><strong><em>χρημάτων·</em></strong></span> <span class='ocrx_word' id='word_1_188' title='bbox 469 2733 554 2805; x_wconf 89' lang='grc' dir='ltr'><strong><em>όθεν</em></strong></span> <span class='ocrx_word' id='word_1_189' title='bbox 577 2737 615 2805; x_wconf 71' lang='grc' dir='ltr'><strong><em>δὲ</em></strong></span> <span class='ocrx_word' id='word_1_190' title='bbox 637 2734 848 2826; x_wconf 45' lang='grc' dir='ltr'><strong><em>εύπορήσειςς</em></strong></span> <span class='ocrx_word' id='word_1_191' title='bbox 871 2741 1085 2827; x_wconf 88' lang='grc' dir='ltr'><strong><em>ἐπινενόηταί</em></strong></span> 
     </span>
    </p>

    <p class='ocr_par' dir='ltr' id='par_1_7' title="bbox 27 2842 1195 2937">
     <span class='ocr_line' id='line_1_26' title="bbox 27 2842 1195 2937; baseline -0.002 -25"><span class='ocrx_word' id='word_1_192' title='bbox 27 2872 54 2913; x_wconf 82' lang='grc' dir='ltr'><strong><em>ιε</em></strong></span> <span class='ocrx_word' id='word_1_193' title='bbox 68 2874 126 2937; x_wconf 90' lang='grc' dir='ltr'><strong><em>μοι</em></strong></span> <span class='ocrx_word' id='word_1_194' title='bbox 149 2848 239 2926; x_wconf 87' lang='grc' dir='ltr'><strong><em>τέως.</em></strong></span> <span class='ocrx_word' id='word_1_195' title='bbox 274 2844 414 2912; x_wconf 81' lang='grc' dir='ltr'><strong><em>ἑκάστου</em></strong></span> <span class='ocrx_word' id='word_1_196' title='bbox 435 2842 500 2930; x_wconf 85' lang='grc' dir='ltr'><strong><em>γὰρ</em></strong></span> <span class='ocrx_word' id='word_1_197' title='bbox 524 2843 682 2911; x_wconf 80' lang='grc' dir='ltr'><strong><em>ἐνιαυτοῦ</em></strong></span> <span class='ocrx_word' id='word_1_198' title='bbox 704 2851 922 2934; x_wconf 90' lang='grc' dir='ltr'><strong><em>τρισμυρίους</em></strong></span> <span class='ocrx_word' id='word_1_199' title='bbox 937 2851 1120 2934; x_wconf 73' lang='grc' dir='ltr'><strong><em>’μοδίουςοι</em></strong></span> <span class='ocrx_word' id='word_1_200' title='bbox 1192 2880 1195 2885; x_wconf 92' lang='grc'>-</span> 
     </span>
    </p>
   </div>
   <div class='ocr_carea' id='block_1_3' title="bbox 3 3021 1086 3575">
    <p class='ocr_par' dir='ltr' id='par_1_8' title="bbox 137 3021 1086 3100">
     <span class='ocr_line' id='line_1_27' title="bbox 137 3021 1086 3100; baseline 0.001 -14"><span class='ocrx_word' id='word_1_201' title='bbox 137 3039 153 3086; x_wconf 79' lang='lat'><strong>2</strong></span> <span class='ocrx_word' id='word_1_202' title='bbox 171 3027 311 3100; x_wconf 83' lang='grc' dir='ltr'><strong><em>τοιαύτην</em></strong></span> <span class='ocrx_word' id='word_1_203' title='bbox 328 3030 368 3099; x_wconf 88' lang='grc' dir='ltr'><strong><em>Η]</em></strong></span> <span class='ocrx_word' id='word_1_204' title='bbox 388 3025 533 3097; x_wconf 89' lang='grc' dir='ltr'><strong><em>τοσαύτην</em></strong></span> <span class='ocrx_word' id='word_1_205' title='bbox 601 3035 617 3082; x_wconf 84' lang='grc'>3</span> <span class='ocrx_word' id='word_1_206' title='bbox 635 3021 705 3083; x_wconf 70' lang='grc' dir='ltr'><strong><em>ούδδ</em></strong></span> <span class='ocrx_word' id='word_1_207' title='bbox 723 3021 804 3096; x_wconf 84' lang='grc' dir='ltr'><strong><em>(ούδ’</em></strong></span> <span class='ocrx_word' id='word_1_208' title='bbox 823 3022 860 3084; x_wconf 82' lang='grc' dir='ltr'><strong><em>ἀν</em></strong></span> <span class='ocrx_word' id='word_1_209' title='bbox 878 3034 915 3096; x_wconf 86' lang='grc' dir='ltr'><strong><em>Η)</em></strong></span> <span class='ocrx_word' id='word_1_210' title='bbox 936 3025 1086 3098; x_wconf 76' lang='grc' dir='ltr'><strong><em>εὔξασθαί</em></strong></span> 
     </span>
    </p>

    <p class='ocr_par' dir='ltr' id='par_1_9' title="bbox 21 3097 1083 3167">
     <span class='ocr_line' id='line_1_28' title="bbox 21 3097 1083 3167; baseline -0.001 -11"><span class='ocrx_word' id='word_1_211' title='bbox 21 3136 25 3141; x_wconf 53' lang='lat'><em>1</em></span> <span class='ocrx_word' id='word_1_212' title='bbox 68 3121 113 3163; x_wconf 85' lang='grc' dir='ltr'><strong><em>τις</em></strong></span> <span class='ocrx_word' id='word_1_213' title='bbox 131 3103 266 3167; x_wconf 76' lang='lat' dir='ltr'>Heyder&#39;e</span> <span class='ocrx_word' id='word_1_214' title='bbox 284 3102 436 3152; x_wconf 69' lang='lat' dir='ltr'><strong>sozomeno</strong></span> <span class='ocrx_word' id='word_1_215' title='bbox 453 3099 558 3150; x_wconf 79' lang='lat' dir='ltr'>addidit</span> <span class='ocrx_word' id='word_1_216' title='bbox 573 3097 658 3166; x_wconf 80' lang='lat' dir='ltr'>vulgo</span> <span class='ocrx_word' id='word_1_217' title='bbox 676 3100 787 3151; x_wconf 74' lang='lat' dir='ltr'><strong>omissa.</strong></span> <span class='ocrx_word' id='word_1_218' title='bbox 809 3100 906 3166; x_wconf 70' lang='lat' dir='ltr'><strong>Itaque</strong></span> <span class='ocrx_word' id='word_1_219' title='bbox 918 3104 980 3154; x_wconf 76' lang='lat' dir='ltr'>Pet.</span> <span class='ocrx_word' id='word_1_220' title='bbox 998 3109 1083 3155; x_wconf 76' lang='lat' dir='ltr'><strong>antea</strong></span> 
     </span>
    </p>

    <p class='ocr_par' dir='ltr' id='par_1_10' title="bbox 68 3160 1083 3245">
     <span class='ocr_line' id='line_1_29' title="bbox 68 3160 1083 3245; baseline 0 -23"><span class='ocrx_word' id='word_1_221' title='bbox 68 3171 113 3230; x_wconf 85' lang='grc' dir='ltr'><strong><em>τίς</em></strong></span> <span class='ocrx_word' id='word_1_222' title='bbox 130 3164 185 3237; x_wconf 80' lang='grc' dir='ltr'><strong><em>γάρ</em></strong></span> <span class='ocrx_word' id='word_1_223' title='bbox 203 3185 253 3236; x_wconf 87' lang='lat' dir='ltr'><strong><em>pro</em></strong></span> <span class='ocrx_word' id='word_1_224' title='bbox 271 3160 325 3234; x_wconf 78' lang='grc' dir='ltr'><strong><em>τὴν</em></strong></span> <span class='ocrx_word' id='word_1_225' title='bbox 344 3161 400 3232; x_wconf 85' lang='grc' dir='ltr'><strong><em>γάρ</em></strong></span> <span class='ocrx_word' id='word_1_226' title='bbox 417 3167 587 3239; x_wconf 76' lang='lat' dir='ltr'>scribendum</span> <span class='ocrx_word' id='word_1_227' title='bbox 605 3172 632 3216; x_wconf 77' lang='lat' dir='ltr'><strong><em>et</em></strong></span> <span class='ocrx_word' id='word_1_228' title='bbox 650 3167 804 3245; x_wconf 48' lang='lat' dir='ltr'>addendgm</span> <span class='ocrx_word' id='word_1_229' title='bbox 821 3169 937 3220; x_wconf 82' lang='lat' dir='ltr'><strong>verbum</strong></span> <span class='ocrx_word' id='word_1_230' title='bbox 954 3162 1083 3234; x_wconf 76' lang='grc' dir='ltr'><strong><em>ἐλπίζειν</em></strong></span> 
     </span>
    </p>

    <p class='ocr_par' dir='ltr' id='par_1_11' title="bbox 69 3226 1083 3312">
     <span class='ocr_line' id='line_1_30' title="bbox 69 3226 1083 3312; baseline -0.002 -21"><span class='ocrx_word' id='word_1_231' title='bbox 69 3239 186 3292; x_wconf 79' lang='lat' dir='ltr'><strong>censuit.</strong></span> <span class='ocrx_word' id='word_1_232' title='bbox 255 3239 272 3288; x_wconf 78' lang='grc'><strong>0</strong></span> <span class='ocrx_word' id='word_1_233' title='bbox 294 3226 332 3295; x_wconf 61' lang='lat' dir='ltr'><strong><em>de</em></strong></span> <span class='ocrx_word' id='word_1_234' title='bbox 348 3235 476 3312; x_wconf 55' lang='lat' dir='ltr'>Valesigm</span> <span class='ocrx_word' id='word_1_235' title='bbox 494 3234 528 3284; x_wconf 83' lang='lat' dir='ltr'><strong><em>ad</em></strong></span> <span class='ocrx_word' id='word_1_236' title='bbox 546 3232 736 3301; x_wconf 69' lang='lat' dir='ltr'><strong>sozomenum]</strong></span> <span class='ocrx_word' id='word_1_237' title='bbox 756 3253 772 3288; x_wconf 95' lang='grc' dir='ltr'><strong><em>ο</em></strong></span> <span class='ocrx_word' id='word_1_238' title='bbox 841 3239 857 3287; x_wconf 88' lang='grc'><strong>0</strong></span> <span class='ocrx_word' id='word_1_239' title='bbox 876 3230 907 3287; x_wconf 75' lang='grc' dir='ltr'><strong><em>σε</em></strong></span> <span class='ocrx_word' id='word_1_240' title='bbox 925 3229 1015 3304; x_wconf 90' lang='grc' dir='ltr'><strong><em>μόνον</em></strong></span> <span class='ocrx_word' id='word_1_241' title='bbox 1034 3238 1083 3289; x_wconf 79' lang='lat' dir='ltr'><strong><em>So-</em></strong></span> 
     </span>
    </p>

    <p class='ocr_par' dir='ltr' id='par_1_12' title="bbox 68 3295 1082 3372">
     <span class='ocr_line' id='line_1_31' title="bbox 68 3295 1082 3372; baseline -0.001 -14"><span class='ocrx_word' id='word_1_242' title='bbox 68 3305 208 3370; x_wconf 75' lang='lat' dir='ltr'><strong>zomenus]</strong></span> <span class='ocrx_word' id='word_1_243' title='bbox 228 3295 334 3370; x_wconf 86' lang='grc' dir='ltr'><strong><em>σεμνὸν</em></strong></span> <span class='ocrx_word' id='word_1_244' title='bbox 391 3305 422 3354; x_wconf 87' lang='grc'><strong><em>10</em></strong></span> <span class='ocrx_word' id='word_1_245' title='bbox 440 3315 503 3354; x_wconf 88' lang='grc' dir='ltr'><strong><em>οσοι</em></strong></span> <span class='ocrx_word' id='word_1_246' title='bbox 523 3300 560 3366; x_wconf 90' lang='grc' dir='ltr'><strong><em>Η]</em></strong></span> <span class='ocrx_word' id='word_1_247' title='bbox 582 3298 610 3353; x_wconf 75' lang='grc' dir='ltr'><strong><em>οἳ</em></strong></span> <span class='ocrx_word' id='word_1_248' title='bbox 666 3307 696 3355; x_wconf 83' lang='grc'><strong><em>10</em></strong></span> <span class='ocrx_word' id='word_1_249' title='bbox 714 3297 921 3370; x_wconf 83' lang='grc' dir='ltr'><strong><em>προσέργοιντο</em></strong></span> <span class='ocrx_word' id='word_1_250' title='bbox 937 3302 977 3372; x_wconf 92' lang='grc' dir='ltr'><strong><em>Η]</em></strong></span> <span class='ocrx_word' id='word_1_251' title='bbox 996 3321 1082 3370; x_wconf 89' lang='grc' dir='ltr'><strong><em>προσ-</em></strong></span> 
     </span>
    </p>

    <p class='ocr_par' dir='ltr' id='par_1_13' title="bbox 69 3368 1083 3442">
     <span class='ocr_line' id='line_1_32' title="bbox 69 3368 1083 3442; baseline -0.002 -16"><span class='ocrx_word' id='word_1_252' title='bbox 69 3369 192 3442; x_wconf 83' lang='grc' dir='ltr'><strong><em>έγοιντο.</em></strong></span> <span class='ocrx_word' id='word_1_253' title='bbox 229 3371 270 3426; x_wconf 78' lang='lat' dir='ltr'><strong><em>Of.</em></strong></span> <span class='ocrx_word' id='word_1_254' title='bbox 289 3371 375 3422; x_wconf 66' lang='lat' dir='ltr'><strong><em>daed</em></strong></span> <span class='ocrx_word' id='word_1_255' title='bbox 394 3374 422 3420; x_wconf 80' lang='lat' dir='ltr'><strong><em>et</em></strong></span> <span class='ocrx_word' id='word_1_256' title='bbox 439 3368 523 3421; x_wconf 82' lang='lat'>3000</span> <span class='ocrx_word' id='word_1_257' title='bbox 575 3372 608 3421; x_wconf 80' lang='lat'><strong><em>15</em></strong></span> <span class='ocrx_word' id='word_1_258' title='bbox 630 3368 688 3423; x_wconf 81' lang='grc' dir='ltr'><strong><em>τῶν</em></strong></span> <span class='ocrx_word' id='word_1_259' title='bbox 705 3370 837 3438; x_wconf 82' lang='grc' dir='ltr'><strong><em>γαμετῶν</em></strong></span> <span class='ocrx_word' id='word_1_260' title='bbox 856 3369 900 3438; x_wconf 72' lang='lat' dir='ltr'><strong><em>H]</em></strong></span> <span class='ocrx_word' id='word_1_261' title='bbox 919 3370 976 3424; x_wconf 70' lang='grc' dir='ltr'><strong><em>τοῖν</em></strong></span> <span class='ocrx_word' id='word_1_262' title='bbox 995 3374 1083 3425; x_wconf 82' lang='grc' dir='ltr'><strong><em>Γαλι-</em></strong></span> 
     </span>
    </p>

    <p class='ocr_par' dir='ltr' id='par_1_14' title="bbox 3 3431 1083 3575">
     <span class='ocr_line' id='line_1_33' title="bbox 3 3431 1083 3508; baseline -0.001 -15"><span class='ocrx_word' id='word_1_263' title='bbox 3 3485 7 3493; x_wconf 97' lang='grc'><strong><em>.</em></strong></span> <span class='ocrx_word' id='word_1_264' title='bbox 68 3442 158 3495; x_wconf 84' lang='grc' dir='ltr'><strong><em>λαίαν</em></strong></span> <span class='ocrx_word' id='word_1_265' title='bbox 176 3434 308 3505; x_wconf 81' lang='grc' dir='ltr'><strong><em>γαμετῶν</em></strong></span> <span class='ocrx_word' id='word_1_266' title='bbox 349 3439 380 3488; x_wconf 75' lang='grc' dir='ltr'><strong><em>1λ</em></strong></span> <span class='ocrx_word' id='word_1_267' title='bbox 399 3431 493 3504; x_wconf 76' lang='grc' dir='ltr'><strong><em>ἱερέας</em></strong></span> <span class='ocrx_word' id='word_1_268' title='bbox 510 3437 613 3501; x_wconf 78' lang='lat' dir='ltr'>Heyler</span> <span class='ocrx_word' id='word_1_269' title='bbox 651 3442 685 3490; x_wconf 78' lang='lat'><strong><em>20</em></strong></span> <span class='ocrx_word' id='word_1_270' title='bbox 703 3445 731 3492; x_wconf 78' lang='lat' dir='ltr'><strong><em>et</em></strong></span> <span class='ocrx_word' id='word_1_271' title='bbox 749 3442 780 3490; x_wconf 78' lang='lat'><strong><em>21</em></strong></span> <span class='ocrx_word' id='word_1_272' title='bbox 801 3437 971 3503; x_wconf 77' lang='grc' dir='ltr'><strong><em>ξενοδοκεῖα</em></strong></span> <span class='ocrx_word' id='word_1_273' title='bbox 988 3439 1083 3508; x_wconf 59' lang='grc' dir='ltr'><strong><em>Πτολε]</em></strong></span> 
     </span>
     <span class='ocr_line' id='line_1_34' title="bbox 71 3497 936 3575; baseline -0.009 -14"><span class='ocrx_word' id='word_1_274' title='bbox 71 3508 242 3575; x_wconf 80' lang='grc' dir='ltr'><strong><em>ξενοδογεῖα</em></strong></span> <span class='ocrx_word' id='word_1_275' title='bbox 309 3507 343 3556; x_wconf 73' lang='lat'><strong><em>24</em></strong></span> <span class='ocrx_word' id='word_1_276' title='bbox 361 3497 491 3572; x_wconf 82' lang='grc' dir='ltr'><strong><em>ἐνδεηθῇ</em></strong></span> <span class='ocrx_word' id='word_1_277' title='bbox 510 3503 547 3571; x_wconf 86' lang='grc' dir='ltr'><strong><em>Η]</em></strong></span> <span class='ocrx_word' id='word_1_278' title='bbox 568 3504 664 3574; x_wconf 81' lang='grc' dir='ltr'><strong><em>δεηθῇ</em></strong></span> <span class='ocrx_word' id='word_1_279' title='bbox 932 3518 936 3520; x_wconf 85' lang='grc'><em>·</em></span> 
     </span>
    </p>
   </div>
   <div class='ocr_carea' id='block_1_4' title="bbox 0 0 1233 3862">
    <p class='ocr_par' dir='ltr' id='par_1_15' title="bbox 0 0 1233 3862">
     <span class='ocr_line' id='line_1_35' title="bbox 0 0 1233 3862; baseline 0 0"><span class='ocrx_word' id='word_1_280' title='bbox 0 0 1233 3862; x_wconf 95' lang='lat' dir='ltr'><strong><em> </em></strong></span> 
     </span>
    </p>
   </div>
  </div>
 </body>
</html>
