2416 3864
206 138 500 217 εειετοεεεοε
518 165 549 216 P.
568 165 601 226 Q.
621 160 720 215 εεεεε
775 90 933 218 ἐἰδετε
962 123 1094 234 333
1124 152 1138 264 3

51 297 177 361 ἔλαθεν
205 287 324 360 οὐδέ“
304 309 367 359 οσα
386 290 536 379 ἐπράχθη
555 291 631 376 περὶ
649 289 727 371 τοὺς
746 288 788 360 άν
1006 369 1027 378 J

53 393 99 479 ὡς
126 399 225 466 τοῦτο
259 392 350 488 αὐτῷ
382 395 597 485 κατεμηνάθη
625 394 663 465 τὸ
691 399 841 487 πρᾶγμα,
869 425 911 466 κα
987 381 1068 466 υνά-

51 531 130 592 μιος
157 504 326 591 ἐξαίφνης,
354 499 452 582 ἄλλος
480 502 705 591 συκοφάντης,
732 505 768 572 ἐκ
795 501 980 572 Κελτῶν”
957 530 1068 591 ηγγει-

52 618 112 678 λεν
140 605 293 678 δσον”
251 634 346 677 ουπω
373 605 433 676 τὸν
461 607 654 678 Σιλουανὸν
682 606 772 701 αὐτῷ
799 612 961 698 πολέμιον
988 606 1068 678 άνα-

25 725 256 804 3φανεῖσθαι,
290 719 404 794 δείσας
434 713 624 783 παντάπασι
656 716 712 783 καὶ
744 717 912 803 φοβηθείς
949 712 1069 784 αὐτίκα

53 818 106 890 ἐπ’
138 820 193 909 ἐμὲ
221 822 349 908 πέμπει,
377 819 432 889 καὶ
451 818 572 910 μικρὸν
599 826 648 901 είς
664 818 727 909 τὴν
751 817 893 895 Ἐλλάδα
911 820 1069 901 κελεύσας

53 922 271 1016 ὑποχωρῆσαι
298 925 399 995 πάλιν
418 927 549 994 ἐκεῖθεν
567 925 674 996 ἐκάλει
702 923 776 1016 παρ’
807 926 939 1013 ἑαυτόν,
968 924 1122 997 οὕπωκῖλ

53 1032 219 1123 πρότερον
246 1032 445 1119 τεθεαμένος
472 1028 559 1119 πλην
586 1029 672 1114 ἅπαξ
690 1031 752 1120 μὲν
779 1034 816 1101 ἐν
834 1037 1069 1121 Καππαδοκίᾳ,

55 1135 143 1220 ἅπαξ
171 1138 208 1208 δὲ
236 1141 274 1206 ἐν
298 1135 435 1228 Ἰταλία,
463 1134 716 1226 ἀγωνισαμένης
743 1136 925 1226 Εὐσεβίας,
954 1133 999 1219 ὡς
1026 1133 1069 1205 άν

14 1281 41 1320 10
55 1240 141 1373 ὖμδρ
169 1271 227 1333 της
255 1249 419 1332 σωτηρίας
445 1269 503 1331 της
531 1247 677 1332 ἐμαυτοῦ
702 1244 919 1335 θαρρήσαιμι.
960 1250 1069 1313 καίτοι

55 1377 119 1439 την
147 1347 253 1438 αίτην
281 1346 371 1441 αὐτῷ
398 1348 497 1418 πόλιν
524 1347 609 1431 ἓξ”
582 1372 700 1443 φκησα
718 1354 846 1440 μηνῶν,
874 1351 929 1420 καὶ
957 1351 1071 1439 μέντοι

55 1456 115 1526 καὶ
151 1452 310 1545 δπέσχετό
347 1483 387 1543 με
422 1455 610 1524 θεάσεσθαι
641 1457 753 1528 πάλιν.
809 1455 880 1526 ἀλλ’
911 1425 939 1526 5
976 1466 1072 1537 θεοῖς

57 1559 181 1651 ἐχθρὸς
213 1558 488 1651 ἆνδρόγυνος,”
472 1589 490 1630 ο
518 1559 635 1642 πιστὸς
666 1559 774 1649 αὐτοῦ
806 1564 1070 1650 κατακοιμιστης,

57 1668 162 1737 ἔλαθέ
191 1696 257 1756 μου
289 1668 344 1736 καὶ
377 1665 468 1737 άκων
500 1664 673 1756 εὐεργέτης
708 1668 900 1756 γενόμενος·
933 1665 975 1762 οὐ
1007 1666 1071 1758 γάρ

17 1809 42 1850 15
58 1782 175 1868 εἴασεν
198 1776 348 1862 ἐντυχεῖν
375 1801 415 1862 με
446 1773 603 1856 πολλάκις
635 1770 740 1867 αὐτῷ,
771 1771 874 1862 τυχὸν
901 1773 962 1862 μὲν
989 1771 1106 1845 οὐδὲΒ

61 1882 225 1967 ἐθέλοντι,
252 1878 339 1968 πλην
367 1876 450 1949 άλλὰ
468 1876 506 1949 τὸ
524 1880 708 1968 κεφάλαιον
735 1881 861 1960 ἐκεῖνος
888 1871 944 1967 ἦν·
973 1878 1071 1949 ὤκνει

57 1985 122 2076 γάρ
156 1983 200 2068 ὦς
232 1981 275 2054 άν
311 1985 355 2074 μή
390 2012 481 2067 τινος
513 1992 697 2074 συνηθείας
735 1987 955 2074 ἐγγενομένης
992 1981 1072 2073 ἡμῖν

58 2090 143 2182 πρὸς
170 2090 333 2180 ἀλλήλους
365 2097 475 2161 ἔπειτα
507 2089 719 2180 άγαπηθείην
751 2093 807 2160 καὶ
839 2089 955 2172 πιστὸς
990 2088 1072 2159 άνα-

8 2239 9 2243 =
59 2199 179 2287 φανεὶς
211 2200 425 2288 ἐπιτραπείην
456 2225 496 2265 τι.
545 2197 818 2288 παραγενόμενον
851 2197 892 2286 δη
928 2224 967 2286 με
999 2197 1073 2266 τότε

17 2340 44 2379 ιο
58 2308 196 2395 πρῶτον
217 2301 289 2373 ,άπὸ
316 2307 375 2392 τῆς
398 2299 555 2385 Ἑλλάδος
583 2302 702 2374 αὐτίκα
730 2302 787 2373 διὰ
814 2306 882 2373 τῶν
909 2304 983 2393 περὶ
1011 2300 1073 2392 τίχν

58 2417 245 2500 θεραπείαν
278 2408 451 2498 εὐνούχων
483 2406 503 2497 ἡ
537 2426 710 2499 μακαρῖτις
736 2407 886 2498 Εὐσεβία
912 2411 968 2479 καὶ
995 2416 1073 2479 λίαν

60 2520 326 2606 ἐφιλοφρονεῖτο.
372 2515 492 2605 μικρὸν
523 2516 561 2585 δὲ
593 2514 735 2606 ὕστερον
762 2516 964 2597 ἐπελθόντος
995 2517 1072 2585 τοά-

59 2644 134 2692 του·
163 2624 219 2691 καλ
247 2621 310 2712 γάρ
337 2649 389 2690 τοι
412 2623 467 2690 καὶ
494 2619 535 2691 τὰ
562 2625 637 2711 περὶ
656 2621 849 2692 Σιλουανὸν
876 2624 1108 2712 ἐπέπρακτοθ

60 2727 180 2797 λοιπὸν
216 2728 347 2808 εἴσοδός
378 2754 413 2795 τε
445 2732 493 2808 είς
523 2725 585 2816 τὴν
621 2724 729 2815 αὐλὴν
764 2732 911 2814 δίδοται,
947 2730 1003 2797 καὶ
1035 2725 1073 2797 τὸ

20 2867 47 2908 τε
61 2833 243 2922 λεγόμενον
287 2830 308 2921 ἡ
355 2831 534 2922 Θετταλικά]
580 2833 810 2923 περιβάλλεται
854 2832 1074 2920 πενθανάγκη.

62 2936 274 3031 ἀρνουμένου
302 2939 365 3029 γάρ
393 2967 459 3028 μου
486 2937 548 3027 τὴν
567 2944 754 3008 συνουσίαν
783 2941 922 3029 στερεῶς
950 2941 986 3007 ἐν
1004 2953 1074 3020 τοῖς

60 3053 312 3134 βασιλείοις,ο
295 3050 330 3114 οί
359 3045 420 3134 μὲν
452 3043 563 3136 ὥσπερ
600 3048 636 3113 ἐν
673 3051 815 3135 κουρείῳ
853 3043 1075 3125 συνελθόντες

130 3264 146 3312 4
164 3278 216 3313 τον
235 3251 400 3312 Σιλουανὸν
418 3249 496 3327 αὐτῷ
516 3253 655 3323 πολέμιον
668 3258 832 3310 Valesiusl.
835 3253 876 3340 1.]
896 3255 948 3308 τοῦ
966 3255 1075 3309 Νείλου
1164 3313 1166 3327 .

61 3321 118 3401 κᾷν
139 3326 207 3392 (ναῦ
225 3326 259 3392 V)
279 3320 310 3378 έν
329 3319 407 3405 αὐτῷ
425 3314 551 3392 πόλεμον
621 3328 635 3377 7
658 3317 738 3378 οὔπω
744 3323 789 3402 V]
809 3319 844 3375 05
915 3328 945 3375 10
963 3325 1007 3375 θα
1007 3318 1075 3405 ροη-

61 3380 145 3462 οάιμι
162 3396 188 3444 V
258 3397 289 3444 11
308 3377 407 3460 μηνῶν
423 3391 461 3460 V]
478 3393 573 3459 μῆνας
643 3395 674 3444 12
691 3383 859 3444 θεάοεοθαι
872 3389 949 3458 Oob]
966 3389 1076 3444 θεάσα·

62 3463 135 3515 σθαι
224 3463 255 3512 16
278 3455 374 3514 ἐκεῖνο
398 3461 459 3512 Pet.
478 3466 506 3511 et
523 3461 590 3514 Rsk.
677 3463 708 3510 21
727 3458 881 3527 μακαριτις
899 3461 923 3511 V
991 3462 1025 3511 24
1043 3451 1076 3511 τὰ

63 3523 166 3582 λοιπὸν
184 3529 281 3594 spanh

116 3623 222 3664 Iulianus
234 3621 280 3662 1
727 3664 732 3673 ,
830 3618 865 3666 ‘23
