<?xml version="1.0" encoding="UTF-8"?>
<!DOCTYPE html PUBLIC "-//W3C//DTD XHTML 1.0 Transitional//EN"
    "http://www.w3.org/TR/xhtml1/DTD/xhtml1-transitional.dtd">
<html xmlns="http://www.w3.org/1999/xhtml" xml:lang="en" lang="en">
 <head>
  <title>
</title>
<meta http-equiv="Content-Type" content="text/html;charset=utf-8" />
  <meta name='ocr-system' content='tesseract 3.04.00' />
  <meta name='ocr-capabilities' content='ocr_page ocr_carea ocr_par ocr_line ocrx_word'/>
</head>
<body>
  <div class='ocr_page' id='page_1' title='image "./iulianiimperato01juligoog_0374.png"; bbox 0 0 2416 3864; ppageno 0'>
   <div class='ocr_carea' id='block_1_1' title="bbox 222 139 1082 208">
    <p class='ocr_par' dir='ltr' id='par_1_1' title="bbox 222 139 1082 208">
     <span class='ocr_line' id='line_1_1' title="bbox 222 139 1082 208; baseline 0.01 -18"><span class='ocrx_word' id='word_1_1' title='bbox 222 139 400 192; x_wconf 80' lang='lat' dir='ltr'><strong>EPISTOLA</strong></span> <span class='ocrx_word' id='word_1_2' title='bbox 418 141 468 191; x_wconf 81' lang='lat' dir='ltr'><strong><em>AD</em></strong></span> <span class='ocrx_word' id='word_1_3' title='bbox 488 141 514 192; x_wconf 79' lang='lat' dir='ltr'><strong><em>S.</em></strong></span> <span class='ocrx_word' id='word_1_4' title='bbox 533 142 564 196; x_wconf 85' lang='lat' dir='ltr'><strong><em>P.</em></strong></span> <span class='ocrx_word' id='word_1_5' title='bbox 583 142 615 204; x_wconf 81' lang='lat' dir='ltr'><strong><em>Q.</em></strong></span> <span class='ocrx_word' id='word_1_6' title='bbox 633 143 907 195; x_wconf 80' lang='lat' dir='ltr'><strong>ATHENIENSEM.</strong></span> <span class='ocrx_word' id='word_1_7' title='bbox 1019 143 1082 208; x_wconf 82' lang='grc'><strong><em>361</em></strong></span> 
     </span>
    </p>
   </div>
   <div class='ocr_carea' id='block_1_2' title="bbox 26 265 1135 2802">
    <p class='ocr_par' dir='ltr' id='par_1_2' title="bbox 26 265 1135 2802">
     <span class='ocr_line' id='line_1_2' title="bbox 67 265 1082 361; baseline 0.003 -23"><span class='ocrx_word' id='word_1_8' title='bbox 67 297 123 360; x_wconf 93' lang='grc' dir='ltr'><strong><em>μοι</em></strong></span> <span class='ocrx_word' id='word_1_9' title='bbox 161 269 217 337; x_wconf 83' lang='grc' dir='ltr'><strong><em>καὶ</em></strong></span> <span class='ocrx_word' id='word_1_10' title='bbox 248 265 470 356; x_wconf 74' lang='grc' dir='ltr'><strong><em>παρεστώτων</em></strong></span> <span class='ocrx_word' id='word_1_11' title='bbox 503 267 609 357; x_wconf 83' lang='grc' dir='ltr'><strong><em>(τών)</em></strong></span> <span class='ocrx_word' id='word_1_12' title='bbox 637 271 745 355; x_wconf 77' lang='grc' dir='ltr'><strong><em>θεῶν,</em></strong></span> <span class='ocrx_word' id='word_1_13' title='bbox 778 265 989 360; x_wconf 76' lang='grc' dir='ltr'><em>ὑπεδεξάμην</em></span> <span class='ocrx_word' id='word_1_14' title='bbox 1020 272 1082 361; x_wconf 56' lang='grc' dir='ltr'><strong><em>μὲν</em></strong></span> 
     </span>
     <span class='ocr_line' id='line_1_3' title="bbox 66 374 1082 466; baseline 0.002 -21"><span class='ocrx_word' id='word_1_15' title='bbox 66 390 191 466; x_wconf 91' lang='grc' dir='ltr'><strong><em>μοῖραν</em></strong></span> <span class='ocrx_word' id='word_1_16' title='bbox 221 376 283 442; x_wconf 81' lang='grc' dir='ltr'><strong><em>τοῦ</em></strong></span> <span class='ocrx_word' id='word_1_17' title='bbox 310 379 447 442; x_wconf 78' lang='grc' dir='ltr'><strong><em>Σαλίων</em></strong></span> <span class='ocrx_word' id='word_1_18' title='bbox 480 379 618 462; x_wconf 81' lang='grc' dir='ltr'><strong><em>ἔθνους,</em></strong></span> <span class='ocrx_word' id='word_1_19' title='bbox 652 374 834 462; x_wconf 85' lang='grc' dir='ltr'><strong><em>Χαμάβους</em></strong></span> <span class='ocrx_word' id='word_1_20' title='bbox 865 375 903 445; x_wconf 74' lang='grc' dir='ltr'><strong><em>δέ</em></strong></span> <span class='ocrx_word' id='word_1_21' title='bbox 930 377 1082 466; x_wconf 80' lang='grc' dir='ltr'><strong><em>έξήλασα,</em></strong></span> 
     </span>
     <span class='ocr_line' id='line_1_4' title="bbox 65 478 1083 572; baseline 0.001 -20"><span class='ocrx_word' id='word_1_22' title='bbox 65 479 192 562; x_wconf 82' lang='grc' dir='ltr'><strong><em>πολλάς</em></strong></span> <span class='ocrx_word' id='word_1_23' title='bbox 218 482 303 566; x_wconf 79' lang='grc' dir='ltr'><strong><em>βοῦς</em></strong></span> <span class='ocrx_word' id='word_1_24' title='bbox 328 482 385 548; x_wconf 81' lang='grc' dir='ltr'><strong><em>καὶ</em></strong></span> <span class='ocrx_word' id='word_1_25' title='bbox 417 478 540 566; x_wconf 77' lang='grc' dir='ltr'><strong><em>γύναια</em></strong></span> <span class='ocrx_word' id='word_1_26' title='bbox 566 478 647 568; x_wconf 85' lang='grc' dir='ltr'><strong><em>μετά</em></strong></span> <span class='ocrx_word' id='word_1_27' title='bbox 679 485 880 571; x_wconf 73' lang='grc' dir='ltr'><strong><em>παιδαρίων·</em></strong></span> <span class='ocrx_word' id='word_1_28' title='bbox 895 483 1083 572; x_wconf 86' lang='grc' dir='ltr'><strong><em>συλλαβών.</em></strong></span> 
     </span>
     <span class='ocr_line' id='line_1_5' title="bbox 67 575 1081 682; baseline 0 -23"><span class='ocrx_word' id='word_1_29' title='bbox 67 586 156 659; x_wconf 78' lang='grc' dir='ltr'><strong><em>οὕτω</em></strong></span> <span class='ocrx_word' id='word_1_30' title='bbox 186 585 233 655; x_wconf 70' lang='grc' dir='ltr'><strong><em>δέ.</em></strong></span> <span class='ocrx_word' id='word_1_31' title='bbox 250 585 377 667; x_wconf 78' lang='grc' dir='ltr'><strong><em>πάντας</em></strong></span> <span class='ocrx_word' id='word_1_32' title='bbox 404 584 556 682; x_wconf 80' lang='grc' dir='ltr'><strong><em>ἐφόβησα</em></strong></span> <span class='ocrx_word' id='word_1_33' title='bbox 574 587 631 655; x_wconf 83' lang='grc' dir='ltr'><strong><em>καὶ</em></strong></span> <span class='ocrx_word' id='word_1_34' title='bbox 657 575 891 676; x_wconf 80' lang='grc' dir='ltr'><strong><em>παρεσκεύασα</em></strong></span> <span class='ocrx_word' id='word_1_35' title='bbox 918 593 1081 678; x_wconf 78' lang='grc' dir='ltr'><strong><em>καταπτῆ-</em></strong></span> 
     </span>
     <span class='ocr_line' id='line_1_6' title="bbox 40 688 1117 785; baseline -0.001 -21"><span class='ocrx_word' id='word_1_36' title='bbox 40 698 122 778; x_wconf 69' lang='grc' dir='ltr'><strong><em>εξαι</em></strong></span> <span class='ocrx_word' id='word_1_37' title='bbox 149 691 212 781; x_wconf 79' lang='grc' dir='ltr'><strong><em>τὴν</em></strong></span> <span class='ocrx_word' id='word_1_38' title='bbox 240 689 323 781; x_wconf 78' lang='grc' dir='ltr'><strong><em>ἐμὴν</em></strong></span> <span class='ocrx_word' id='word_1_39' title='bbox 350 695 494 779; x_wconf 78' lang='grc' dir='ltr'><strong><em>ἔφοδον,</em></strong></span> <span class='ocrx_word' id='word_1_40' title='bbox 523 688 606 761; x_wconf 76' lang='grc' dir='ltr'><strong><em>ὥστε</em></strong></span> <span class='ocrx_word' id='word_1_41' title='bbox 632 696 831 785; x_wconf 77' lang='grc' dir='ltr'><strong><em>παραχρῆμα</em></strong></span> <span class='ocrx_word' id='word_1_42' title='bbox 858 702 974 783; x_wconf 78' lang='grc' dir='ltr'><strong><em>λαβεῖν</em></strong></span> <span class='ocrx_word' id='word_1_43' title='bbox 1002 692 1117 785; x_wconf 68' lang='grc' dir='ltr'><strong><em>ὁμή-(ῖ</em></strong></span> 
     </span>
     <span class='ocr_line' id='line_1_7' title="bbox 66 797 1082 892; baseline 0.003 -21"><span class='ocrx_word' id='word_1_44' title='bbox 66 829 150 891; x_wconf 90' lang='grc' dir='ltr'><strong><em>ρους</em></strong></span> <span class='ocrx_word' id='word_1_45' title='bbox 177 799 233 868; x_wconf 78' lang='grc' dir='ltr'><strong><em>καὶ</em></strong></span> <span class='ocrx_word' id='word_1_46' title='bbox 261 801 301 887; x_wconf 72' lang='grc' dir='ltr'><strong><em>τῇ</em></strong></span> <span class='ocrx_word' id='word_1_47' title='bbox 329 803 531 889; x_wconf 75' lang='grc' dir='ltr'><strong><em>σιτοπομπία</em></strong></span> <span class='ocrx_word' id='word_1_48' title='bbox 558 813 743 887; x_wconf 77' lang='grc' dir='ltr'><strong><em>παρασχεῖν</em></strong></span> <span class='ocrx_word' id='word_1_49' title='bbox 770 797 904 890; x_wconf 75' lang='grc' dir='ltr'><strong><em>ἀσφαλῆ</em></strong></span> <span class='ocrx_word' id='word_1_50' title='bbox 931 802 1082 892; x_wconf 81' lang='grc' dir='ltr'><strong><em>κομιδήν.</em></strong></span> 
     </span>
     <span class='ocr_line' id='line_1_8' title="bbox 67 900 1082 996; baseline 0.002 -20"><span class='ocrx_word' id='word_1_51' title='bbox 67 906 198 996; x_wconf 89' lang='grc' dir='ltr'><strong><em>μακρόν</em></strong></span> <span class='ocrx_word' id='word_1_52' title='bbox 226 907 295 973; x_wconf 91' lang='grc' dir='ltr'><strong><em>ἐστι</em></strong></span> <span class='ocrx_word' id='word_1_53' title='bbox 322 904 431 973; x_wconf 89' lang='grc' dir='ltr'><strong><em>πάντα</em></strong></span> <span class='ocrx_word' id='word_1_54' title='bbox 458 900 724 993; x_wconf 75' lang='grc' dir='ltr'><strong><em>άπαριδμεῖσδαι</em></strong></span> <span class='ocrx_word' id='word_1_55' title='bbox 751 905 870 975; x_wconf 80' lang='grc' dir='ltr'><strong><em>καὶτὰ</em></strong></span> <span class='ocrx_word' id='word_1_56' title='bbox 897 906 977 977; x_wconf 78' lang='grc' dir='ltr'><strong><em>καθ’</em></strong></span> <span class='ocrx_word' id='word_1_57' title='bbox 1007 912 1082 978; x_wconf 80' lang='grc' dir='ltr'><strong><em>ἐκα-</em></strong></span> 
     </span>
     <span class='ocr_line' id='line_1_9' title="bbox 67 1007 1083 1102; baseline 0.001 -20"><span class='ocrx_word' id='word_1_58' title='bbox 67 1034 150 1082; x_wconf 90' lang='grc' dir='ltr'><strong><em>στον</em></strong></span> <span class='ocrx_word' id='word_1_59' title='bbox 177 1010 331 1101; x_wconf 80' lang='grc' dir='ltr'><strong><em>γράφειν,</em></strong></span> <span class='ocrx_word' id='word_1_60' title='bbox 359 1007 422 1079; x_wconf 84' lang='grc' dir='ltr'><strong><em>ὅσα</em></strong></span> <span class='ocrx_word' id='word_1_61' title='bbox 445 1012 483 1078; x_wconf 91' lang='grc' dir='ltr'><strong><em>ἐν</em></strong></span> <span class='ocrx_word' id='word_1_62' title='bbox 506 1012 673 1090; x_wconf 81' lang='grc' dir='ltr'><strong><em>ἐνιαυτοῖς</em></strong></span> <span class='ocrx_word' id='word_1_63' title='bbox 700 1014 825 1100; x_wconf 85' lang='grc' dir='ltr'><strong><em>ἔπραξα</em></strong></span> <span class='ocrx_word' id='word_1_64' title='bbox 851 1017 1015 1102; x_wconf 87' lang='grc' dir='ltr'><strong><em>τέτταρσι·</em></strong></span> <span class='ocrx_word' id='word_1_65' title='bbox 1042 1014 1083 1084; x_wconf 81' lang='grc' dir='ltr'><strong><em>τά</em></strong></span> 
     </span>
     <span class='ocr_line' id='line_1_10' title="bbox 67 1116 1083 1209; baseline 0.001 -20"><span class='ocrx_word' id='word_1_66' title='bbox 67 1118 233 1207; x_wconf 90' lang='grc' dir='ltr'><strong><em>κεφάλαια</em></strong></span> <span class='ocrx_word' id='word_1_67' title='bbox 273 1118 328 1184; x_wconf 83' lang='grc' dir='ltr'><strong><em>δέ·</em></strong></span> <span class='ocrx_word' id='word_1_68' title='bbox 369 1121 483 1205; x_wconf 89' lang='grc' dir='ltr'><strong><em>τρίτον</em></strong></span> <span class='ocrx_word' id='word_1_69' title='bbox 524 1116 736 1205; x_wconf 74' lang='grc' dir='ltr'><strong><em>έπεραιώδην</em></strong></span> <span class='ocrx_word' id='word_1_70' title='bbox 776 1134 898 1209; x_wconf 85' lang='grc' dir='ltr'><strong><em>καῖσαρ</em></strong></span> <span class='ocrx_word' id='word_1_71' title='bbox 940 1126 988 1189; x_wconf 89' lang='grc' dir='ltr'><strong><em>ἐτι</em></strong></span> <span class='ocrx_word' id='word_1_72' title='bbox 1022 1119 1083 1190; x_wconf 87' lang='grc' dir='ltr'><strong><em>τὸν</em></strong></span> 
     </span>
     <span class='ocr_line' id='line_1_11' title="bbox 26 1219 1083 1317; baseline 0.002 -23"><span class='ocrx_word' id='word_1_73' title='bbox 26 1260 53 1300; x_wconf 82' lang='lat'><strong><em>10</em></strong></span> <span class='ocrx_word' id='word_1_74' title='bbox 63 1222 202 1314; x_wconf 78' lang='grc' dir='ltr'><strong><em>Ῥῆνον·</em></strong></span> <span class='ocrx_word' id='word_1_75' title='bbox 240 1227 439 1311; x_wconf 74' lang='grc' dir='ltr'><strong><em>δισμυρίους</em></strong></span> <span class='ocrx_word' id='word_1_76' title='bbox 475 1219 628 1313; x_wconf 76' lang='grc' dir='ltr'><strong><em>ἀπῄτησα</em></strong></span> <span class='ocrx_word' id='word_1_77' title='bbox 664 1221 756 1314; x_wconf 84' lang='grc' dir='ltr'><strong><em>παρά</em></strong></span> <span class='ocrx_word' id='word_1_78' title='bbox 791 1228 860 1294; x_wconf 85' lang='grc' dir='ltr'><strong><em>τών</em></strong></span> <span class='ocrx_word' id='word_1_79' title='bbox 900 1226 1083 1317; x_wconf 81' lang='grc' dir='ltr'><strong><em>βαρβάρων</em></strong></span> 
     </span>
     <span class='ocr_line' id='line_1_12' title="bbox 67 1324 1082 1421; baseline 0.002 -20"><span class='ocrx_word' id='word_1_80' title='bbox 67 1327 152 1420; x_wconf 71' lang='grc' dir='ltr'><strong><em>ὑπὲρ</em></strong></span> <span class='ocrx_word' id='word_1_81' title='bbox 179 1327 239 1399; x_wconf 91' lang='grc' dir='ltr'><strong><em>τὸν</em></strong></span> <span class='ocrx_word' id='word_1_82' title='bbox 262 1324 381 1417; x_wconf 71' lang='grc' dir='ltr'><strong><em>Ῥῆνον</em></strong></span> <span class='ocrx_word' id='word_1_83' title='bbox 408 1326 508 1409; x_wconf 79' lang='grc' dir='ltr'><strong><em>ὄντας</em></strong></span> <span class='ocrx_word' id='word_1_84' title='bbox 535 1329 780 1418; x_wconf 77' lang='grc' dir='ltr'><strong><em>αἰχμαλώτους·</em></strong></span> <span class='ocrx_word' id='word_1_85' title='bbox 809 1333 845 1401; x_wconf 88' lang='grc' dir='ltr'><strong><em>ἐκ</em></strong></span> <span class='ocrx_word' id='word_1_86' title='bbox 868 1327 968 1403; x_wconf 89' lang='grc' dir='ltr'><strong><em>δυοῖν</em></strong></span> <span class='ocrx_word' id='word_1_87' title='bbox 995 1330 1082 1421; x_wconf 86' lang='grc' dir='ltr'><strong><em>άγώ·</em></strong></span> 
     </span>
     <span class='ocr_line' id='line_1_13' title="bbox 66 1437 1083 1529; baseline 0.002 -22"><span class='ocrx_word' id='word_1_88' title='bbox 66 1465 146 1507; x_wconf 86' lang='grc' dir='ltr'><strong><em>νοιν</em></strong></span> <span class='ocrx_word' id='word_1_89' title='bbox 176 1437 233 1506; x_wconf 80' lang='grc' dir='ltr'><strong><em>καὶ</em></strong></span> <span class='ocrx_word' id='word_1_90' title='bbox 265 1437 342 1523; x_wconf 85' lang='grc' dir='ltr'><strong><em>μιᾶς</em></strong></span> <span class='ocrx_word' id='word_1_91' title='bbox 368 1441 561 1523; x_wconf 77' lang='grc' dir='ltr'><strong><em>πολιορκίας</em></strong></span> <span class='ocrx_word' id='word_1_92' title='bbox 593 1442 720 1523; x_wconf 87' lang='grc' dir='ltr'><strong><em>χιλίους</em></strong></span> <span class='ocrx_word' id='word_1_93' title='bbox 751 1438 871 1520; x_wconf 81' lang='grc' dir='ltr'><strong><em>ἐξελών</em></strong></span> <span class='ocrx_word' id='word_1_94' title='bbox 904 1440 1083 1529; x_wconf 82' lang='grc' dir='ltr'><strong><em>ἐζώγρησα,</em></strong></span> 
     </span>
     <span class='ocr_line' id='line_1_14' title="bbox 68 1537 1125 1634; baseline -0.003 -22"><span class='ocrx_word' id='word_1_95' title='bbox 68 1541 112 1613; x_wconf 83' lang='grc' dir='ltr'><strong><em>οὐ</em></strong></span> <span class='ocrx_word' id='word_1_96' title='bbox 129 1542 193 1631; x_wconf 81' lang='grc' dir='ltr'><strong><em>τὴν</em></strong></span> <span class='ocrx_word' id='word_1_97' title='bbox 211 1539 377 1630; x_wconf 86' lang='grc' dir='ltr'><strong><em>άχρηστον</em></strong></span> <span class='ocrx_word' id='word_1_98' title='bbox 394 1537 538 1629; x_wconf 81' lang='grc' dir='ltr'><strong><em>ἡλικίαν,</em></strong></span> <span class='ocrx_word' id='word_1_99' title='bbox 562 1539 689 1630; x_wconf 85' lang='grc' dir='ltr'><strong><em>άνδρας</em></strong></span> <span class='ocrx_word' id='word_1_100' title='bbox 707 1541 744 1610; x_wconf 74' lang='grc' dir='ltr'><strong><em>δέ</em></strong></span> <span class='ocrx_word' id='word_1_101' title='bbox 762 1541 926 1632; x_wconf 78' lang='grc' dir='ltr'><strong><em>ἡβῶντας·</em></strong></span> <span class='ocrx_word' id='word_1_102' title='bbox 954 1551 1082 1634; x_wconf 68' lang='grc' dir='ltr'><strong><em>ἔπεμψα</em></strong></span> <span class='ocrx_word' id='word_1_103' title='bbox 1100 1555 1125 1609; x_wconf 90' lang='lat' dir='ltr'>D</span> 
     </span>
     <span class='ocr_line' id='line_1_15' title="bbox 67 1645 1083 1742; baseline 0.003 -25"><span class='ocrx_word' id='word_1_104' title='bbox 67 1653 114 1742; x_wconf 79' lang='grc' dir='ltr'><strong><em>τῷ</em></strong></span> <span class='ocrx_word' id='word_1_105' title='bbox 146 1653 369 1739; x_wconf 84' lang='grc' dir='ltr'><strong><em>Κωνσταντίφ</em></strong></span> <span class='ocrx_word' id='word_1_106' title='bbox 401 1649 558 1735; x_wconf 79' lang='grc' dir='ltr'><strong><em>τέτταρας</em></strong></span> <span class='ocrx_word' id='word_1_107' title='bbox 589 1645 757 1737; x_wconf 78' lang='grc' dir='ltr'><strong><em>ἀριθμοὺς</em></strong></span> <span class='ocrx_word' id='word_1_108' title='bbox 791 1654 860 1719; x_wconf 84' lang='grc' dir='ltr'><strong><em>τών</em></strong></span> <span class='ocrx_word' id='word_1_109' title='bbox 897 1658 1083 1738; x_wconf 85' lang='grc' dir='ltr'><strong><em>κρατίστων</em></strong></span> 
     </span>
     <span class='ocr_line' id='line_1_16' title="bbox 26 1751 1083 1845; baseline -0.001 -20"><span class='ocrx_word' id='word_1_110' title='bbox 26 1790 54 1830; x_wconf 76' lang='lat'><strong><em>1⁵</em></strong></span> <span class='ocrx_word' id='word_1_111' title='bbox 67 1759 186 1842; x_wconf 78' lang='grc' dir='ltr'><strong><em>πεζῶν,</em></strong></span> <span class='ocrx_word' id='word_1_112' title='bbox 213 1762 302 1843; x_wconf 87' lang='grc' dir='ltr'><strong><em>τρεῖς</em></strong></span> <span class='ocrx_word' id='word_1_113' title='bbox 321 1751 444 1835; x_wconf 87' lang='grc' dir='ltr'><strong><em>άλλους</em></strong></span> <span class='ocrx_word' id='word_1_114' title='bbox 460 1756 529 1822; x_wconf 83' lang='grc' dir='ltr'><strong><em>τών</em></strong></span> <span class='ocrx_word' id='word_1_115' title='bbox 557 1753 754 1841; x_wconf 79' lang='grc' dir='ltr'><strong><em>ἐλαττόνων,</em></strong></span> <span class='ocrx_word' id='word_1_116' title='bbox 783 1758 911 1825; x_wconf 80' lang='grc' dir='ltr'><strong><em>ἱππέων</em></strong></span> <span class='ocrx_word' id='word_1_117' title='bbox 933 1756 1083 1845; x_wconf 82' lang='grc' dir='ltr'><strong><em>τάγματα</em></strong></span> 
     </span>
     <span class='ocr_line' id='line_1_17' title="bbox 68 1857 1082 1951; baseline 0.001 -20"><span class='ocrx_word' id='word_1_118' title='bbox 68 1863 133 1931; x_wconf 81' lang='grc' dir='ltr'><strong><em>δύο</em></strong></span> <span class='ocrx_word' id='word_1_119' title='bbox 160 1860 201 1929; x_wconf 85' lang='grc' dir='ltr'><strong><em>τὰ</em></strong></span> <span class='ocrx_word' id='word_1_120' title='bbox 228 1859 435 1949; x_wconf 84' lang='grc' dir='ltr'><strong><em>ἐντιμότατα·</em></strong></span> <span class='ocrx_word' id='word_1_121' title='bbox 463 1859 575 1942; x_wconf 88' lang='grc' dir='ltr'><strong><em>πόλεις</em></strong></span> <span class='ocrx_word' id='word_1_122' title='bbox 602 1857 769 1948; x_wconf 82' lang='grc' dir='ltr'><strong><em>ἀνέλαβον</em></strong></span> <span class='ocrx_word' id='word_1_123' title='bbox 787 1864 853 1930; x_wconf 80' lang='grc' dir='ltr'><strong><em>νῦν</em></strong></span> <span class='ocrx_word' id='word_1_124' title='bbox 872 1861 933 1950; x_wconf 76' lang='grc' dir='ltr'><strong><em>μὲν</em></strong></span> <span class='ocrx_word' id='word_1_125' title='bbox 952 1862 993 1951; x_wconf 81' lang='grc' dir='ltr'><strong><em>δὴ</em></strong></span> <span class='ocrx_word' id='word_1_126' title='bbox 1013 1866 1082 1932; x_wconf 84' lang='grc' dir='ltr'><strong><em>τών</em></strong></span> 
     </span>
     <span class='ocr_line' id='line_1_18' title="bbox 66 1963 1083 2055; baseline 0 -18"><span class='ocrx_word' id='word_1_127' title='bbox 66 1972 161 2037; x_wconf 77' lang='grc' dir='ltr'><strong><em>θεῶν</em></strong></span> <span class='ocrx_word' id='word_1_128' title='bbox 189 1967 377 2037; x_wconf 76' lang='grc' dir='ltr'><strong><em>ἐθελόντων</em></strong></span> <span class='ocrx_word' id='word_1_129' title='bbox 403 1965 522 2052; x_wconf 84' lang='grc' dir='ltr'><strong><em>πάσας,</em></strong></span> <span class='ocrx_word' id='word_1_130' title='bbox 548 1966 622 2036; x_wconf 87' lang='grc' dir='ltr'><strong><em>τότε</em></strong></span> <span class='ocrx_word' id='word_1_131' title='bbox 649 1966 687 2034; x_wconf 79' lang='grc' dir='ltr'><strong><em>δέ</em></strong></span> <span class='ocrx_word' id='word_1_132' title='bbox 705 1963 900 2055; x_wconf 83' lang='grc' dir='ltr'><strong><em>άνειλήφειν</em></strong></span> <span class='ocrx_word' id='word_1_133' title='bbox 927 1969 1083 2050; x_wconf 83' lang='grc' dir='ltr'><strong><em>ἐλάττους</em></strong></span> 
     </span>
     <span class='ocr_line' id='line_1_19' title="bbox 68 2071 1082 2166; baseline -0.001 -23"><span class='ocrx_word' id='word_1_134' title='bbox 68 2072 171 2166; x_wconf 79' lang='grc' dir='ltr'><strong><em>ὀλίγῳ</em></strong></span> <span class='ocrx_word' id='word_1_135' title='bbox 208 2077 276 2142; x_wconf 83' lang='grc' dir='ltr'><strong><em>τών</em></strong></span> <span class='ocrx_word' id='word_1_136' title='bbox 311 2071 566 2161; x_wconf 83' lang='grc' dir='ltr'><strong><em>τεσσαράκοντα</em></strong></span> <span class='ocrx_word' id='word_1_137' title='bbox 616 2072 767 2162; x_wconf 85' lang='grc' dir='ltr'><strong><em>μάρτυρα</em></strong></span> <span class='ocrx_word' id='word_1_138' title='bbox 798 2076 888 2143; x_wconf 83' lang='grc' dir='ltr'><strong><em>καλώ</em></strong></span> <span class='ocrx_word' id='word_1_139' title='bbox 920 2071 981 2143; x_wconf 88' lang='grc' dir='ltr'><strong><em>τὸν</em></strong></span> <span class='ocrx_word' id='word_1_140' title='bbox 1013 2081 1082 2142; x_wconf 87' lang='grc' dir='ltr'><strong><em>Δία</em></strong></span> 
     </span>
     <span class='ocr_line' id='line_1_20' title="bbox 67 2176 1082 2269; baseline -0.002 -19"><span class='ocrx_word' id='word_1_141' title='bbox 67 2181 125 2250; x_wconf 83' lang='grc' dir='ltr'><strong><em>καὶ</em></strong></span> <span class='ocrx_word' id='word_1_142' title='bbox 146 2176 279 2260; x_wconf 88' lang='grc' dir='ltr'><strong><em>πάντας</em></strong></span> <span class='ocrx_word' id='word_1_143' title='bbox 294 2176 400 2260; x_wconf 73' lang='grc' dir='ltr'><strong><em>θεοὺς</em></strong></span> <span class='ocrx_word' id='word_1_144' title='bbox 421 2178 624 2267; x_wconf 84' lang='grc' dir='ltr'><strong><em>πολιούχους</em></strong></span> <span class='ocrx_word' id='word_1_145' title='bbox 651 2205 686 2246; x_wconf 87' lang='grc' dir='ltr'><strong><em>τε</em></strong></span> <span class='ocrx_word' id='word_1_146' title='bbox 713 2181 769 2248; x_wconf 80' lang='grc' dir='ltr'><strong><em>καὶ</em></strong></span> <span class='ocrx_word' id='word_1_147' title='bbox 798 2176 979 2268; x_wconf 88' lang='grc' dir='ltr'><strong><em>ὁμογνίους</em></strong></span> <span class='ocrx_word' id='word_1_148' title='bbox 997 2177 1082 2269; x_wconf 71' lang='grc' dir='ltr'><strong><em>ὑπὲρ</em></strong></span> 
     </span>
     <span class='ocr_line' id='line_1_21' title="bbox 26 2281 1082 2375; baseline 0 -20"><span class='ocrx_word' id='word_1_149' title='bbox 26 2320 53 2360; x_wconf 80' lang='lat'><strong><em>20</em></strong></span> <span class='ocrx_word' id='word_1_150' title='bbox 66 2289 126 2374; x_wconf 74' lang='grc' dir='ltr'><strong><em>τῆς</em></strong></span> <span class='ocrx_word' id='word_1_151' title='bbox 158 2288 238 2374; x_wconf 78' lang='grc' dir='ltr'><strong><em>ἐμῆς</em></strong></span> <span class='ocrx_word' id='word_1_152' title='bbox 268 2285 492 2375; x_wconf 86' lang='grc' dir='ltr'><strong><em>προαιρέσεως</em></strong></span> <span class='ocrx_word' id='word_1_153' title='bbox 528 2291 576 2366; x_wconf 89' lang='grc' dir='ltr'><strong><em>είς</em></strong></span> <span class='ocrx_word' id='word_1_154' title='bbox 612 2281 716 2355; x_wconf 84' lang='grc' dir='ltr'><strong><em>αὐτὸν</em></strong></span> <span class='ocrx_word' id='word_1_155' title='bbox 752 2288 808 2356; x_wconf 78' lang='grc' dir='ltr'><strong><em>καὶ</em></strong></span> <span class='ocrx_word' id='word_1_156' title='bbox 844 2292 1000 2375; x_wconf 87' lang='grc' dir='ltr'><strong><em>πίστεως,</em></strong></span> <span class='ocrx_word' id='word_1_157' title='bbox 1032 2284 1082 2355; x_wconf 84' lang='grc' dir='ltr'><strong><em>ὅτι</em></strong></span> 
     </span>
     <span class='ocr_line' id='line_1_22' title="bbox 67 2387 1082 2481; baseline 0.001 -20"><span class='ocrx_word' id='word_1_158' title='bbox 67 2395 223 2473; x_wconf 81' lang='grc' dir='ltr'><strong><em>τοιοῦτος</em></strong></span> <span class='ocrx_word' id='word_1_159' title='bbox 254 2393 378 2479; x_wconf 83' lang='grc' dir='ltr'><strong><em>γέγονα</em></strong></span> <span class='ocrx_word' id='word_1_160' title='bbox 409 2392 485 2480; x_wconf 82' lang='grc' dir='ltr'><strong><em>περὶ</em></strong></span> <span class='ocrx_word' id='word_1_161' title='bbox 513 2388 632 2478; x_wconf 81' lang='grc' dir='ltr'><strong><em>αὐτόν,</em></strong></span> <span class='ocrx_word' id='word_1_162' title='bbox 666 2387 741 2462; x_wconf 80' lang='grc' dir='ltr'><strong><em>οἷον</em></strong></span> <span class='ocrx_word' id='word_1_163' title='bbox 772 2389 815 2461; x_wconf 82' lang='grc' dir='ltr'><strong><em>άν</em></strong></span> <span class='ocrx_word' id='word_1_164' title='bbox 848 2394 985 2481; x_wconf 81' lang='grc' dir='ltr'><strong><em>είλόμην</em></strong></span> <span class='ocrx_word' id='word_1_165' title='bbox 1018 2391 1082 2480; x_wconf 84' lang='grc' dir='ltr'><strong><em>ἐγώ</em></strong></span> 
     </span>
     <span class='ocr_line' id='line_1_23' title="bbox 68 2493 1135 2587; baseline 0.002 -19"><span class='ocrx_word' id='word_1_166' title='bbox 68 2498 148 2568; x_wconf 88' lang='grc' dir='ltr'><strong><em>υίὸν</em></strong></span> <span class='ocrx_word' id='word_1_167' title='bbox 181 2499 256 2587; x_wconf 79' lang='grc' dir='ltr'><strong><em>περὶ</em></strong></span> <span class='ocrx_word' id='word_1_168' title='bbox 289 2496 345 2585; x_wconf 73' lang='grc' dir='ltr'><strong><em>ἐμὲ</em></strong></span> <span class='ocrx_word' id='word_1_169' title='bbox 380 2499 548 2582; x_wconf 73' lang='grc' dir='ltr'><strong><em>γενέσθαι.</em></strong></span> <span class='ocrx_word' id='word_1_170' title='bbox 592 2503 747 2586; x_wconf 77' lang='grc' dir='ltr'><strong><em>τετίμχκα</em></strong></span> <span class='ocrx_word' id='word_1_171' title='bbox 784 2499 845 2587; x_wconf 71' lang='grc' dir='ltr'><strong><em>μὲν</em></strong></span> <span class='ocrx_word' id='word_1_172' title='bbox 878 2493 942 2569; x_wconf 83' lang='grc' dir='ltr'><strong><em>οὖν</em></strong></span> <span class='ocrx_word' id='word_1_173' title='bbox 975 2497 1135 2572; x_wconf 69' lang='grc' dir='ltr'><strong><em>αὐτὸνεει</em></strong></span> 
     </span>
     <span class='ocr_line' id='line_1_24' title="bbox 69 2600 1083 2702; baseline 0.003 -29"><span class='ocrx_word' id='word_1_174' title='bbox 69 2601 116 2702; x_wconf 82' lang='grc' dir='ltr'><strong><em>ώς</em></strong></span> <span class='ocrx_word' id='word_1_175' title='bbox 150 2601 262 2685; x_wconf 82' lang='grc' dir='ltr'><strong><em>οὐδεὶς</em></strong></span> <span class='ocrx_word' id='word_1_176' title='bbox 294 2602 467 2692; x_wconf 89' lang='grc' dir='ltr'><strong><em>καισάρων</em></strong></span> <span class='ocrx_word' id='word_1_177' title='bbox 501 2600 626 2672; x_wconf 79' lang='grc' dir='ltr'><strong><em>οὐδένα</em></strong></span> <span class='ocrx_word' id='word_1_178' title='bbox 657 2609 726 2673; x_wconf 85' lang='grc' dir='ltr'><strong><em>τών</em></strong></span> <span class='ocrx_word' id='word_1_179' title='bbox 762 2612 953 2695; x_wconf 82' lang='grc' dir='ltr'><strong><em>ἔμπροσθεν</em></strong></span> <span class='ocrx_word' id='word_1_180' title='bbox 984 2604 1083 2675; x_wconf 79' lang='grc' dir='ltr'><strong><em>αὐτο-</em></strong></span> 
     </span>
     <span class='ocr_line' id='line_1_25' title="bbox 69 2705 1084 2802; baseline -0.002 -21"><span class='ocrx_word' id='word_1_181' title='bbox 69 2710 253 2802; x_wconf 89' lang='grc' dir='ltr'><strong><em>κρατόρων.</em></strong></span> <span class='ocrx_word' id='word_1_182' title='bbox 291 2705 394 2778; x_wconf 68' lang='grc' dir='ltr'><strong><em>οὐδὲν</em></strong></span> <span class='ocrx_word' id='word_1_183' title='bbox 413 2712 499 2794; x_wconf 85' lang='grc' dir='ltr'><strong><em>γοῦν</em></strong></span> <span class='ocrx_word' id='word_1_184' title='bbox 526 2715 573 2790; x_wconf 90' lang='grc' dir='ltr'><strong><em>είς</em></strong></span> <span class='ocrx_word' id='word_1_185' title='bbox 594 2707 656 2798; x_wconf 78' lang='grc' dir='ltr'><strong><em>τὴν</em></strong></span> <span class='ocrx_word' id='word_1_186' title='bbox 673 2710 816 2801; x_wconf 78' lang='grc' dir='ltr'><strong><em>τήμερον</em></strong></span> <span class='ocrx_word' id='word_1_187' title='bbox 843 2708 927 2801; x_wconf 69' lang='grc' dir='ltr'><strong><em>ὑπὲρ</em></strong></span> <span class='ocrx_word' id='word_1_188' title='bbox 947 2715 1084 2782; x_wconf 89' lang='grc' dir='ltr'><strong><em>ἐκείνων</em></strong></span> 
     </span>
    </p>
   </div>
   <div class='ocr_carea' id='block_1_3' title="bbox 30 2815 1086 3119">
    <p class='ocr_par' dir='ltr' id='par_1_3' title="bbox 30 2815 1086 3119">
     <span class='ocr_line' id='line_1_26' title="bbox 30 2815 1084 2909; baseline -0.003 -22"><span class='ocrx_word' id='word_1_189' title='bbox 30 2848 56 2889; x_wconf 78' lang='grc' dir='ltr'><strong><em>ω</em></strong></span> <span class='ocrx_word' id='word_1_190' title='bbox 71 2821 205 2904; x_wconf 84' lang='grc' dir='ltr'><strong><em>ἐγκαλεῖ</em></strong></span> <span class='ocrx_word' id='word_1_191' title='bbox 229 2815 296 2904; x_wconf 92' lang='grc' dir='ltr'><strong><em>μοι,</em></strong></span> <span class='ocrx_word' id='word_1_192' title='bbox 323 2816 379 2884; x_wconf 84' lang='grc' dir='ltr'><strong><em>καὶ</em></strong></span> <span class='ocrx_word' id='word_1_193' title='bbox 406 2819 512 2884; x_wconf 83' lang='grc' dir='ltr'><strong><em>ταῦτα</em></strong></span> <span class='ocrx_word' id='word_1_194' title='bbox 529 2819 831 2909; x_wconf 81' lang='grc' dir='ltr'><strong><em>παρρησιασαμέυφ</em></strong></span> <span class='ocrx_word' id='word_1_195' title='bbox 859 2817 942 2907; x_wconf 90' lang='grc' dir='ltr'><strong><em>πρὸς</em></strong></span> <span class='ocrx_word' id='word_1_196' title='bbox 969 2815 1084 2904; x_wconf 76' lang='grc' dir='ltr'><strong><em>αὐτόν,</em></strong></span> 
     </span>
     <span class='ocr_line' id='line_1_27' title="bbox 71 2918 1084 3012; baseline -0.002 -19"><span class='ocrx_word' id='word_1_197' title='bbox 71 2921 154 2993; x_wconf 83' lang='grc' dir='ltr'><strong><em>άλλά</em></strong></span> <span class='ocrx_word' id='word_1_198' title='bbox 178 2929 331 3008; x_wconf 88' lang='grc' dir='ltr'><strong><em>γελοίους</em></strong></span> <span class='ocrx_word' id='word_1_199' title='bbox 349 2926 457 3002; x_wconf 90' lang='grc' dir='ltr'><strong><em>αίτίας</em></strong></span> <span class='ocrx_word' id='word_1_200' title='bbox 480 2919 580 3012; x_wconf 75' lang='grc' dir='ltr'><strong><em>ὀργῆς</em></strong></span> <span class='ocrx_word' id='word_1_201' title='bbox 599 2918 804 2992; x_wconf 81' lang='grc' dir='ltr'><strong><em>ἀναπλάττει.</em></strong></span> <span class='ocrx_word' id='word_1_202' title='bbox 826 2931 1084 3010; x_wconf 75' lang='grc' dir='ltr'><strong><em>’Λουππικῖυον,</em></strong></span> 
     </span>
     <span class='ocr_line' id='line_1_28' title="bbox 70 3025 1086 3119; baseline -0.001 -21"><span class='ocrx_word' id='word_1_203' title='bbox 70 3035 167 3119; x_wconf 83' lang='grc' dir='ltr'><strong><em>φησί,</em></strong></span> <span class='ocrx_word' id='word_1_204' title='bbox 196 3030 252 3097; x_wconf 83' lang='grc' dir='ltr'><strong><em>καὶ</em></strong></span> <span class='ocrx_word' id='word_1_205' title='bbox 279 3042 367 3116; x_wconf 90' lang='grc' dir='ltr'><strong><em>τρεῖς</em></strong></span> <span class='ocrx_word' id='word_1_206' title='bbox 395 3025 516 3110; x_wconf 89' lang='grc' dir='ltr'><strong><em>άλλους</em></strong></span> <span class='ocrx_word' id='word_1_207' title='bbox 544 3025 748 3118; x_wconf 73' lang='grc' dir='ltr'><strong><em>ἀνθρώπους</em></strong></span> <span class='ocrx_word' id='word_1_208' title='bbox 774 3032 939 3117; x_wconf 80' lang='grc' dir='ltr'><strong><em>κατέσχες·</em></strong></span> <span class='ocrx_word' id='word_1_209' title='bbox 968 3025 1028 3110; x_wconf 80' lang='grc' dir='ltr'><strong><em>οὓς</em></strong></span> <span class='ocrx_word' id='word_1_210' title='bbox 1055 3034 1086 3098; x_wconf 89' lang='grc' dir='ltr'><strong><em>εί</em></strong></span> 
     </span>
    </p>
   </div>
   <div class='ocr_carea' id='block_1_4' title="bbox 70 3227 1085 3571">
    <p class='ocr_par' dir='ltr' id='par_1_4' title="bbox 70 3227 1085 3571">
     <span class='ocr_line' id='line_1_29' title="bbox 159 3227 1085 3302; baseline 0.003 -18"><span class='ocrx_word' id='word_1_211' title='bbox 159 3232 248 3285; x_wconf 82' lang='grc' dir='ltr'><strong><em>Ῑτών</em></strong></span> <span class='ocrx_word' id='word_1_212' title='bbox 267 3233 329 3285; x_wconf 82' lang='grc' dir='ltr'><strong><em>εδδ.</em></strong></span> <span class='ocrx_word' id='word_1_213' title='bbox 349 3233 376 3283; x_wconf 90' lang='grc' dir='ltr'>Η</span> <span class='ocrx_word' id='word_1_214' title='bbox 444 3235 539 3286; x_wconf 76' lang='grc' dir='ltr'><strong><em>8οῖ9</em></strong></span> <span class='ocrx_word' id='word_1_215' title='bbox 562 3227 687 3302; x_wconf 86' lang='grc' dir='ltr'><strong><em>γράφειν</em></strong></span> <span class='ocrx_word' id='word_1_216' title='bbox 705 3233 852 3300; x_wconf 85' lang='grc' dir='ltr'><strong><em>-τρίτον</em></strong></span> <span class='ocrx_word' id='word_1_217' title='bbox 871 3251 924 3286; x_wconf 89' lang='lat' dir='ltr'><strong><em>om.</em></strong></span> <span class='ocrx_word' id='word_1_218' title='bbox 943 3238 1000 3300; x_wconf 83' lang='lat' dir='ltr'><strong>pet.</strong></span> <span class='ocrx_word' id='word_1_219' title='bbox 1068 3238 1085 3287; x_wconf 89' lang='lat'><em>8</em></span> 
     </span>
     <span class='ocr_line' id='line_1_30' title="bbox 70 3294 1085 3420; baseline -0.002 -66"><span class='ocrx_word' id='word_1_220' title='bbox 70 3297 207 3382; x_wconf 73' lang='grc' dir='ltr'><strong><em>τέφοαροι</em></strong></span> <span class='ocrx_word' id='word_1_221' title='bbox 225 3302 250 3351; x_wconf 90' lang='lat' dir='ltr'><strong>V</strong></span> <span class='ocrx_word' id='word_1_222' title='bbox 336 3303 369 3351; x_wconf 81' lang='lat'><strong><em>14</em></strong></span> <span class='ocrx_word' id='word_1_223' title='bbox 392 3294 430 3384; x_wconf 69' lang='grc' dir='ltr'><strong><em>πρ]</em></strong></span> <span class='ocrx_word' id='word_1_224' title='bbox 453 3308 508 3367; x_wconf 83' lang='lat' dir='ltr'><strong>pet.</strong></span> <span class='ocrx_word' id='word_1_225' title='bbox 531 3367 544 3380; x_wconf 35' lang='grc' dir='ltr'><em>η</em></span> <span class='ocrx_word' id='word_1_226' title='bbox 595 3306 627 3354; x_wconf 82' lang='grc'><strong><em>18</em></strong></span> <span class='ocrx_word' id='word_1_227' title='bbox 650 3297 792 3382; x_wconf 68' lang='grc' dir='ltr'><strong><em>τεσσάρων</em></strong></span> <span class='ocrx_word' id='word_1_228' title='bbox 816 3307 871 3370; x_wconf 83' lang='lat' dir='ltr'><strong>pet.</strong></span> <span class='ocrx_word' id='word_1_229' title='bbox 904 3301 909 3368; x_wconf 88' lang='grc' dir='ltr'>Ι</span> <span class='ocrx_word' id='word_1_230' title='bbox 940 3295 1085 3420; x_wconf 58' lang='grc' dir='ltr'><strong><em>μάρτυροὲ</em></strong></span> 
     </span>
     <span class='ocr_line' id='line_1_31' title="bbox 70 3362 1084 3504; baseline -0.001 -16"><span class='ocrx_word' id='word_1_231' title='bbox 70 3385 225 3488; x_wconf 48' lang='grc' dir='ltr'><strong><em>μα’τυοαςι</em></strong></span> <span class='ocrx_word' id='word_1_232' title='bbox 237 3371 263 3420; x_wconf 75' lang='grc' dir='ltr'>Η</span> <span class='ocrx_word' id='word_1_233' title='bbox 284 3366 725 3490; x_wconf 55' lang='lat' dir='ltr'><strong><em>2223³v⁰3⁶32⁶252⁰3⁹e“52‘⁶123?”</em></strong></span> <span class='ocrx_word' id='word_1_234' title='bbox 744 3376 799 3489; x_wconf 62' lang='grc' dir='ltr'><strong><em>Ρὲλ·</em></strong></span> <span class='ocrx_word' id='word_1_235' title='bbox 813 3362 1084 3504; x_wconf 51' lang='grc' dir='ltr'><strong><em>ωιῗώέἴὲἶλῗο]</em></strong></span> 
     </span>
     <span class='ocr_line' id='line_1_32' title="bbox 71 3434 1073 3571; baseline -0.001 -16"><span class='ocrx_word' id='word_1_236' title='bbox 71 3434 282 3558; x_wconf 56' lang='grc' dir='ltr'><strong><em>άξιάάέάττέίάα</em></strong></span> <span class='ocrx_word' id='word_1_237' title='bbox 336 3455 523 3570; x_wconf 59' lang='grc' dir='ltr'><strong><em>δῖ’καάέοχες</em></strong></span> <span class='ocrx_word' id='word_1_238' title='bbox 541 3453 734 3571; x_wconf 57' lang='grc' dir='ltr'><strong><em>λ’]χκατέοχεν</em></strong></span> <span class='ocrx_word' id='word_1_239' title='bbox 1055 3481 1073 3525; x_wconf 79' lang='lat'><strong><em>.·</em></strong></span> 
     </span>
    </p>
   </div>
   <div class='ocr_carea' id='block_1_5' title="bbox 0 0 1212 3864">
    <p class='ocr_par' dir='ltr' id='par_1_5' title="bbox 0 0 1212 3864">
     <span class='ocr_line' id='line_1_33' title="bbox 0 0 1212 3864; baseline 0 0"><span class='ocrx_word' id='word_1_240' title='bbox 0 0 1212 3864; x_wconf 95' lang='lat' dir='ltr'><strong><em> </em></strong></span> 
     </span>
    </p>
   </div>
  </div>
 </body>
</html>
