2446 3870
467 136 601 188 οκιυιο
620 137 683 189 vn.
1011 136 1075 200 269

60 266 248 348 νομισθείη.
295 258 313 330 ὁ
343 262 380 331 δὲ
409 261 450 350 δὴ
478 266 546 331 τῶν
561 272 563 277 ’
579 247 701 350 μύθων
721 261 867 351 Ὅμηρος
893 260 913 351 ἢ
944 273 1075 334 Θουκυ-

62 374 159 454 δίδης
185 363 208 455 η’
235 368 395 456 Πλάτων,
427 364 448 457 ἢ
477 367 544 457 ὅ,τι
571 369 687 457 βούλει
719 379 833 439 καλεῖν
865 367 985 458 αὐτόν,
1013 382 1076 439 Ac*-

63 495 174 555 σωπος
201 466 245 560 ἦν
274 471 292 542 ὁ
321 475 464 563 Σάμιος,
497 479 620 557 δοῦλος
652 472 694 545 ού
720 472 783 563 τὴν
813 476 918 564 τύχην
949 480 1077 564 μάλλον

61 576 82 668 ἢ
109 580 172 667 τὴν
199 587 410 670 προαίρεσιν,
444 579 506 650 ούκ
533 580 654 670 άφρων
685 581 746 670 μὲν
779 579 859 651 οὐδὲ
891 580 963 651 κατ’
993 580 1075 651 αύτὸ

33 689 162 755 ττοῦτο
195 684 291 776 άνηρ.
337 678 365 778 ᾦ
392 683 503 776 γάρὸ
537 688 640 776 νόμος
668 685 710 757 ού
743 694 918 776 μετεδίδου
951 715 1077 778 παρρη-

63 799 148 880 σίας,
176 792 284 884 τούτφ
312 796 484 882 προσῆκον
501 785 545 881 ἦν
572 796 889 882 ἐσκιαγραφημέναις
908 794 967 876 τάς
995 816 1077 882 συμ-

62 897 188 986 βουλάς
220 902 276 968 καί
308 902 563 988 πεποικιλμένας
594 896 702 988 ἡδονῇ
735 902 790 969 καλ
828 901 936 990 χάριτι
972 927 1076 990 παρα-

65 1008 197 1094 φέρειν,
229 1002 340 1094 ὥσπερ
373 1005 465 1094 οἶμαι
495 1009 564 1074 τῶν
597 1009 721 1100 ίατρύν
749 1011 784 1076 οί
813 1007 875 1095 μὲν
907 1008 1078 1096 ἐλεύθεροι

63 1109 101 1195 τὸ
121 1113 201 1180 δέον
219 1111 459 1198 ἐπιτάττουσιν,
488 1111 548 1181 ε’άν
571 1112 608 1181 δὲ
627 1109 694 1200 άμα
719 1141 770 1194 τις
797 1115 925 1201 οἰκέτης
943 1115 1079 1201 γένηται
1098 1125 1122 1178 D

28 1242 54 1281 ιο
68 1216 131 1305 τὴν
166 1218 272 1306 τύχην
307 1219 363 1287 καί
399 1217 462 1306 την
492 1221 612 1307 τέχνην
649 1219 775 1307 ιάτρός,
806 1218 983 1310 πράγματα
1014 1226 1080 1307 ἔχει
1126 1245 1130 1249 ’

65 1324 261 1393 κολακεύειν
289 1322 356 1411 άμα
374 1325 430 1394 καὶ
448 1325 649 1413 θεραπεύειν
670 1323 732 1394 τὸν
750 1325 917 1414 δεσπότην
936 1322 1080 1412 άναγκα-

68 1431 214 1518 ζόμενος.
260 1436 291 1498 εί
316 1430 378 1518 μὲν
411 1422 474 1500 ούυ
501 1433 558 1499 καί
585 1434 631 1523 τῷ
664 1433 742 1500 κυνὶ
773 1432 933 1522 προσήκει
958 1432 1081 1520 ταύτης

66 1540 125 1623 τῆς
161 1542 330 1624 δουλείας,
368 1538 502 1623 λεγέτω,
545 1540 714 1626 γραφέτω,
750 1546 987 1627 παραχωρείτω
1024 1541 1082 1626 τῆς

67 1648 276 1731 μυθολογίας
308 1639 399 1736 αύτῷ
431 1646 495 1724 πάς
523 1638 697 1730 ὁστισοῦν,
729 1649 761 1712 εί
791 1644 828 1712 δὲ
860 1644 963 1732 μόνος
995 1643 1085 1713 εἷναί

28 1773 55 1812 15
72 1771 178 1836 φησιν
205 1748 397 1838 ἐλεύθερος,
431 1750 484 1818 ἐπὶ
511 1756 546 1817 τί
570 1749 725 1839 χρήσεται
751 1765 822 1830 τοῖς
848 1750 987 1838 μύθοις,
1016 1746 1135 1818 ούκευε

72 1852 159 1922 οἶδα.
204 1854 344 1945 πότερον
376 1859 433 1924 ἵνα
459 1852 497 1925 τό
525 1854 645 1944 πικρὸν
676 1858 733 1924 καί
761 1855 888 1924 δάκνον
914 1859 972 1943 τῆς
1000 1876 1083 1943 συμ-

71 1961 199 2048 βουλῆς
226 1957 333 2050 ἡδονη
360 1963 416 2030 καὶ
444 1961 551 2050 χάριτι
579 1961 720 2050 κεράσας
738 1959 805 2049 άμα
833 1988 867 2029 τε
895 1958 1000 2049 ὀνηση
1029 1963 1084 2030 καί

71 2064 232 2155 άποφύγη
268 2065 306 2136 τὸ
343 2075 548 2158 προσλαβεῖν
584 2095 615 2136 τι
651 2067 740 2156 παρὰ
776 2070 838 2136 τοῦ
879 2064 1084 2155 ὀνιναμένου

72 2172 190 2255 κακόν;
232 2170 315 2242 ἀλλὰ
355 2174 455 2242 τοῦτό
496 2175 566 2242 ἐστι
607 2179 683 2242 λίαν
724 2175 957 2263 δουλοπρεπές.
987 2169 1082 2241 ·άλλ’

31 2301 59 2340 20
73 2276 213 2366 άμεινον
241 2277 284 2347 άν
310 2307 360 2360 τις
392 2284 568 2368 διδαχθείη
602 2277 646 2367 μὴ
674 2278 715 2348 τά
747 2279 923 2371 πράγματα
951 2278 1087 2350 ἀκούων

72 2381 157 2454 αύτά
185 2385 271 2473 μηδὲ
298 2382 339 2453 τά
358 2383 409 2455 ἐπ’
441 2383 556 2467 αύτοῑς
574 2383 722 2474 ὀνόματα
749 2385 833 2456 κατὰ
851 2385 913 2456 τὸν
939 2384 1087 2475 κωμικὸν

70 2489 133 2579 τὴν
171 2491 307 2579 σκάφην
344 2491 479 2580 σκάφην
514 2494 670 2578 λέγοντας
707 2489 783 2561 ἀλλ’
818 2490 893 2562 άντί
928 2496 991 2563 τού
1027 2492 1088 2581 μὲν

73 2602 186 2677 δεῖνος
212 2594 273 2665 τὸν
292 2599 471 2667 Φαέθοντα
490 2601 571 2667 δέον
590 2594 765 2686 ὀνομάσαι,
792 2597 854 2668 τὸν
872 2599 910 2669 δὲ
937 2605 1123 2690 χραίνεινΒ

73 2699 137 2771 οὐκ
174 2699 304 2789 εύαγῶς
338 2701 401 2792 τὴν
438 2706 634 2792 ἐπωνυμίαν
669 2707 731 2773 τοῦ
767 2707 929 2792 βασιλέως
963 2701 1087 2774 Ἡλίου.

141 2892 227 2941 3-12
245 2891 338 2942 Verba
357 2887 513 2957 Σάμιος-
526 2883 772 3041 άναγκαχάμενος
777 2893 860 2944 affert
879 2893 980 2943 Suidas
998 2908 1023 2943 v.
1042 2891 1088 2943 Αί·

74 2972 168 3017 σωπος
221 2951 290 3008 3ού
312 2959 387 3010 delet
409 2957 476 3009 θολ.
544 2954 619 3025 ίμὲ
675 2975 774 3025 μεντοι
797 2961 876 3022 Rsk„
899 2977 957 3023 μην
978 2959 1005 3008 Η
1074 2963 1091 3010 4

73 3028 136 3076 ολδ
159 3018 226 3076 κατ’
246 3019 319 3077 αύτδ
342 3021 470 3079 τουτον
488 3031 517 3076 et
535 3023 627 3093 Suid.]
651 3021 716 3078 κατ’
736 3017 814 3078 νύ..
830 3034 928 3092 .pet.‚
952 3018 1017 3077 κατ’
1037 3017 1089 3078 αύ-

73 3085 156 3145 τδν.
191 3094 317 3157 ,spanh.
402 3096 419 3143 6
446 3085 720 3172 έωιιαγραφημένας
744 3094 806 3144 εδδ.
831 3096 854 3143 V
878 3101 906 3145 et
929 3093 1004 3144 Suid.
1074 3098 1090 3144 8

74 3154 106 3212 οἶ
104 3158 169 3226 μαι]
190 3158 241 3211 καλ
259 3160 336 3211 Suid.
405 3153 473 3212 θέει
475 3153 622 3212 ιιάττουοι
640 3161 716 3212 Suid.
737 3151 824 3237 Ιάμα
843 3177 894 3214 om.
914 3160 989 3212 Suid.
1059 3165 1091 3214 13

75 3227 211 3305 δουλείας
228 3224 263 3293 V]
283 3227 403 3287 δουλίας
472 3231 504 3279 15
526 3220 576 3280 ἐπί
596 3246 624 3279 τι
641 3229 665 3278 V
735 3231 767 3279 18
790 3218 967 3306 ὀνινμμένον
984 3229 1092 3280 Horke·

74 3284 354 3362 1ἰοε]ὀνηναμένου
371 3298 410 3357 V,
434 3287 616 3362 ὀνησαμένου
633 3313 651 3346 v
735 3298 767 3345 21
791 3290 866 3347 κατά
884 3290 934 3348 τὸν
952 3292 1090 3360 κωμικὸν]

75 3363 138 3413 vid.
160 3364 305 3426 Wyttenb.
327 3363 364 3413 ad
389 3332 464 3414 ΡἸαλ.
487 3379 554 3416 mor.
581 3380 607 3430 p.
632 3363 714 3414 178ss
746 3368 775 3413 ot
802 3365 882 3444 corp.
894 3365 1091 3444 Paroemiogr.

77 3431 124 3486 Gr
141 3430 204 3481 Vol
222 3431 293 3496 Ilp
312 3434 363 3482 654
448 3432 481 3482 23
498 3421 550 3482 τὸν
568 3427 724 3483 Φαέθοντα
746 3427 774 3483 τί
796 3421 902 3484 δέον’
888 3425 1043 3497 ονομάσοιις
1065 3432 1096 3484 τί

78 3492 112 3549 δὲ
131 3496 263 3564 χραίνειν
281 3499 350 3549 Rsk
1118 3506 1124 3509 “
