2408 3856
135 125 178 189 48
439 124 583 176 IULIANl
604 123 850 176 IMPERATORIS

136 252 314 340 τυράννων
346 248 506 339 ὠμότητα.
551 252 621 320 έπεὶ
648 250 686 318 δέ
718 246 736 319 ὁ
764 248 879 340 καιρὸς
911 249 1019 319 ἐκάλει
1051 269 1150 339 στρα-
1196 262 1198 265 ’

77 357 78 361 ’
136 357 309 446 τεύεσθαι,
341 357 443 428 πάλιν
474 356 678 445 ἐφειστήκεις
710 353 821 437 δεινὸς
847 358 893 448 τῶ
915 354 1084 446 τυράννῳ.
1131 352 1149 427 ὁ

137 463 175 534 δέ
211 462 437 552 προυβάλλετο
474 460 533 544 κάς
565 460 700 532 Ἰταλῶν
742 467 944 551 δυσχωρίας,
982 463 1041 531 καί
1082 476 1151 543 τοῖς

137 567 230 659 ὅρεσι
262 584 333 650 τοῖς
368 572 438 638 ἐκεῖ
471 568 624 659 καθάπερ
660 575 785 657 θηρίον
821 566 1057 657 ἔναποκρύψας
1092 565 1151 650 τὰς

137 676 297 763 δυνάμεις
329 673 429 756 αὐτὸς
461 672 542 744 οὐδὲ
577 670 761 763 ὑπαίθριος
796 673 916 761 ἔτόλμα
947 673 1175 762 στρατεύεινε

92 794 118 849 Ι)
138 779 319 869 άναλαβῶν
346 781 383 850 δὲ
402 775 508 850 αὑτὸν
527 785 574 861 είς
600 778 662 868 ’τὴν
677 786 823 867 πλησίον
840 778 939 848 πόλιν
965 783 1151 869 τρυφῶσαν

136 888 195 957 καὶ
222 890 397 976 πολυτελῆ,
425 890 462 956 ἐν
479 887 687 976 πανηγύρεσι
714 888 770 956 καί
792 900 936 975 τρυφαῖς
963 891 1073 974 ἔτριβε
1090 884 1150 955 τὸν

137 993 272 1081 χρόνον,
301 990 453 1082 ἀρκέσειν
471 993 533 1082 μὲν
560 989 651 1084 αύτῷ
669 990 752 1081 πρὸς
779 997 947 1080 σωτηρίαν
973 994 1041 1059 τῶν
1061 988 1150 1078 ὀρῶν

57 1119 59 1124 ’
137 1096 201 1187 την
238 1105 430 1187 δυσχωρίαν
465 1099 572 1186 μόνον
609 1098 769 1185 οίόμενος.
818 1093 999 1177 ἀκόλαστος
1031 1096 1070 1164 δέ
1103 1093 1151 1165 ῶν
1199 1145 1200 1149 =

139 1205 241 1293 φύσει
268 1210 456 1293 κερδαίνειν
484 1202 565 1295 ῶετο
584 1201 622 1273 τὸ
641 1211 832 1292 χαρίζεσθαι
859 1217 931 1282 ταῖς
958 1205 1151 1290 ἐπιθυμίαις
1165 1231 1190 1270 ιο

139 1314 176 1380 ἔν
203 1309 376 1390 τοσούτοις
402 1324 531 1395 κακοῖς,
565 1309 666 1396 δῆλός
692 1336 727 1378 τε
753 1299 797 1396 ἦν
824 1315 900 1376 λίαν
927 1304 1151 1388 πεπιστευκὼς

139 1412 298 1503 ἀσφαλῶς
325 1411 415 1506 αύτῷ
442 1413 484 1483 τά
510 1415 660 1503 παρόντα
687 1421 774 1503 ἔχειν
801 1410 1087 1501 ἀποτειχιζομένης
1115 1417 1151 1482 ἐν

85 1542 119 1591 39
139 1520 249 1611 κύκλφ
277 1522 335 1608 τῆς
359 1517 498 1601 Ἰταλίας
523 1535 593 1601 τοῖς
611 1518 714 1610 ἀρεσι,
741 1519 829 1608 πλὴν
847 1517 931 1589 ὅσον
949 1521 982 1600 ἐξ
1000 1515 1152 1607 ἡμισείας

137 1621 158 1713 ἡ
199 1625 355 1695 θάλασσα
394 1626 585 1714 τεναγώδης
623 1618 712 1695 οὖσα
751 1628 807 1694 καὶ
847 1640 918 1705 τοῖς
954 1630 1151 1712 Αἰγυπτίων

138 1733 248 1800 ἕλεσιν
279 1730 425 1821 ἐμφερὴς
456 1729 583 1818 ἀβάτου
608 1733 666 1801 καί
697 1737 794 1820 νηίτη
822 1733 951 1822 στρατῷ
983 1738 1151 1818 πολεμίων
1165 1755 1188 1798 τε

138 1833 274 1926 ἀνδρῶν
310 1845 518 1926 καθίστησιν.
556 1834 636 1908 «ἀλλ’
671 1844 779 1908 ἔοικεν
815 1833 895 1913 ούδέ
927 1840 965 1907 ἓν
996 1832 1017 1924 ἡ
1047 1836 1153 1923 φύσις
1187 1860 1189 1863 ’

138 1940 222 2033 πρὸς
241 1940 365 2033 ἀνδρὸς
388 1941 509 2034 ἀρετὴν
529 1946 586 2014 καὶ
605 1943 834 2033 σωφροσύνην
860 1956 930 2023 τοῖς
946 1939 1153 2023 ,ἀκολάστοις

138 2051 194 2119 καί
226 2055 349 2130 δειλοῖς
381 2056 486 2140 ἔρυμα
517 2050 790 2139 μηχανήσασθαι,
822 2048 931 2118 πάντα
958 2042 1152 2137 ἀποχωρεῖν

139 2156 304 2245 φρονήσει
344 2155 426 2242 μετά
467 2154 625 2246 ἀνδρείας
665 2155 804 2243 ἔπιούση
840 2154 1151 2244 παρασκευάζουσα·

137 2259 239 2328 πάλαι
265 2287 301 2328 τε
328 2255 409 2348 ἡμῖν
436 2263 553 2350 ἔξηύρε
579 2258 638 2340 τάς
665 2261 798 2348 τέχνας,
825 2256 872 2328 δι’
902 2251 951 2328 ῶν
978 2265 1026 2341 είς
1053 2257 1152 2340 εύπο-
1166 2287 1190 2327 ιο

98 2370 218 2452 Βρίαν
249 2367 318 2433 τῶν
353 2368 434 2445 τέως
471 2364 642 2445 δοξάντων
673 2362 811 2454 ἀπόρων
846 2368 1063 2453 κατέστημεν,
1095 2367 1152 2437 καὶ

139 2470 192 2537 ἐπὶ
224 2472 292 2539 τῶν
323 2467 403 2538 καθ’
438 2471 578 2539 ἕκαστον
603 2477 718 2561 ἔργων
749 2471 787 2540 τὸ
814 2480 949 2552 πολλοῖς
981 2468 1153 2541 ἀδύνατον

138 2573 225 2643 είναι
252 2574 459 2662 φαινόμενον
486 2576 741 2666 ἐπιτελούμενον
763 2576 847 2667 πρὸς
870 2573 994 2666 ἀνδρὸς
1016 2576 1151 2666 σῶφρο-

138 2706 205 2759 νος.
252 2676 269 2748 δ
298 2679 349 2768 δη
368 2683 425 2750 καὶ
451 2683 525 2752 τότε
552 2698 621 2764 τοῖς
649 2689 773 2774 ἔργοις,
806 2675 832 2752 ῶ
860 2685 1014 2770 βασιλεῦ,
1042 2684 1153 2763 δείξας

138 2784 273 2867 είκότως
301 2783 344 2854 ἀν
371 2784 548 2876 ἀποδέχοιο
567 2788 646 2870 τοὺς
673 2785 724 2858 ἐπ’
755 2785 845 2880 αύιῶ
868 2787 998 2874 λόγους.
1027 2788 1151 2877 ,έστρά-
1165 2811 1190 2853 ει

137 2917 229 2973 τευες
256 2892 318 2980 μὲν
344 2890 408 2983 γάρ
442 2891 543 2976 αὐτὸς
570 2891 767 2984 ὑπαίθριος,
794 2896 850 2965 καὶ
877 2896 981 2963 ταῦτα
1003 2899 1153 2982 πλησίον

204 3134 221 3181 2
239 3125 336 3192 δεινὸς
353 3128 388 3196 V]
407 3129 510 3192 δεινῶς
527 3148 559 3198 v,
578 3124 682 3191 δεινῶς
701 3131 764 3197 (sic)
782 3134 812 3184 M
879 3131 895 3182 6
917 3122 1008 3184 αύτδν
1024 3132 1085 3182 VM
1136 3133 1152 3181 8

139 3191 215 3248 αύτῶ
234 3198 293 3248 VM
363 3200 392 3248 11
411 3198 479 3251 λίαν
496 3213 609 3252 πεπιστ.
627 3197 661 3264 V]
680 3213 793 3251 πεπιοτ.
811 3199 876 3253 λίαν
945 3202 977 3251 13
994 3202 1057 3258 τοῖς
1074 3191 1153 3264 ὄρεσι

137 3260 170 3329 V]
194 3254 332 3341 &adfinis
350 3256 429 3330 ὄρεσι
498 3267 530 3317 18
552 3261 649 3317 πάντα
668 3262 702 3319 δὲ
719 3267 745 3318 V
812 3270 846 3318 20
868 3261 970 3332 ἔξηύρε
992 3264 1030 3333 Η]
1054 3256 1152 3332 ἐξεῦρε

139 3333 170 3382 21
191 3330 339 3395 δοξάντων
358 3325 474 3399 ἀπόρων
492 3331 526 3399 V]
546 3327 663 3400 ἀπόρων
681 3327 828 3398 δοξάντων
855 3334 860 3399 Ι
885 3331 1065 3399 κατέστημεν
1082 3330 1152 3399 VM]

138 3395 320 3463 καθέστηκεν
366 3403 399 3452 22
417 3396 449 3453 τὸ
463 3404 525 3460 τοῖς
542 3403 660 3461 πολλοῖς
677 3403 704 3452 Η
747 3405 780 3454 23
798 3402 866 3452 Post
883 3395 1066 3467 φαινόμενον
1077 3401 1151 3461 ¹Rsk.

138 3455 267 3529 ἔπέδειξε
285 3471 365 3531 putat
384 3469 521 3519 excidisse
646 3489 650 3497 ·
