2436 3870
227 166 407 219 EPISTOLA
425 168 475 217 AD
495 167 522 218 S.
540 168 571 222 P.
590 169 622 230 Q.
640 165 914 223 ATHENIENSEM.
1026 171 1090 236 369

71 291 261 362 ἀκούουσιν
287 288 458 380 ἀνεθέμην
484 303 587 373 θεοῖς.
624 292 694 381 εἶτα
712 295 905 383 θυσάμενος
932 299 1090 387 περὶτῆς

71 399 194 481 ἐξόδου
239 400 295 466 καὶ
346 399 538 486 γενομένων
584 403 696 468 καλῶν
740 403 808 468 τῶν
859 405 959 491 ίερῶν
1009 402 1086 472 κατ’

71 502 182 593 αὐτὴν
213 506 346 591 ἐκείνην
376 502 438 591 τὴν
473 499 616 593 ἡμέραν,
653 508 690 574 ἐν
721 497 743 594 ᾗ
774 521 843 587 τοῖς
875 508 1089 597 στρατιώταις

72 612 149 699 περὶ
176 612 235 697 τῆς
262 611 316 678 ἐπὶ
343 609 422 678 τάδε
441 616 575 699 πορείας
594 616 731 699 ἔμελλον
749 614 974 700 διαλέγεσθαι,
1002 610 1140 704 ὑπέρεετ

43 744 107 785 στε
133 718 193 803 τῆς
220 718 367 802 ἐμαυτοῦ
399 723 564 805 σωτηρίας
589 719 644 784 καὶ
672 716 759 786 πολὺ
785 720 888 787 πλέον
916 715 999 809 ὑπὲρ
1026 723 1085 808 τῆς

69 825 140 891 τῶν
167 824 293 890 κοινῶν
325 818 508 910 εὐπραγίας
538 823 594 890 καλ
620 825 679 910 τῆς
705 817 864 892 ἁπάντων
895 821 1088 914 ἀνθρώπων

71 931 265 1016 ἐλευθερίας
293 924 400 996 αὐτοῦ
426 954 461 995 τε
487 930 548 996 τοῦ
567 931 703 996 Κελτῶν
730 934 865 1015 ἔθνους,
894 926 912 999 δ
942 931 993 1011 δὶς
1020 928 1086 1019 ἤδη

70 1048 142 1113 τοῖς
168 1039 338 1120 πολεμίοις
356 1034 525 1118 ἐξέδωκεν,
554 1029 636 1101 οὐδὲ
653 1036 722 1102 τῶν
740 1037 951 1124 προγονικῶν
969 1037 1084 1123 φεισά-

71 1165 172 1226 μενος
198 1138 331 1226 τάφων,
365 1133 383 1208 ό
415 1137 494 1219 τοὺς
527 1135 723 1228 ἀλλοτρίους
753 1139 844 1209 πάνυ
875 1142 1086 1230 θεραπεύων,

29 1275 56 1314 ιο
73 1241 193 1338 ᾠήθην
221 1248 293 1312 δεῖν
321 1249 406 1331 ἔθνη
434 1271 469 1313 τε
496 1251 699 1333 προσλαβεῖν
716 1240 757 1314 τά
785 1246 1002 1316 δυνατώτατα
1029 1250 1086 1316 καλ

70 1349 250 1440 χρημάτων
276 1349 403 1437 πόρους
432 1350 650 1420 δικαιοτάτων
668 1354 701 1433 ἐξ
720 1348 911 1442 ἀργυρείων
933 1355 988 1422 καὶ
1007 1381 1086 1443 χρυ-

72 1461 184 1542 σείων,
211 1456 266 1523 καλ
295 1461 326 1523 εί
351 1455 413 1546 μὲν
440 1452 642 1545 ἀγαπήσειεν
660 1463 707 1525 ἐτι
725 1461 791 1526 νῦν
809 1462 895 1544 γοῦν
922 1457 984 1548 τὴν
1003 1459 1087 1548 πρὸς

71 1558 159 1650 ἡμᾶς
185 1556 362 1648 ὁμόνοιαν,
395 1571 473 1630 είσω
505 1564 574 1630 τῶν
605 1565 671 1630 νῦν
698 1565 866 1650 ἐχομένων
893 1565 1023 1652 μένειν,
1056 1571 1127 1634 είΒ

73 1667 110 1737 δὲ
137 1675 294 1754 πολεμεῖν
326 1672 495 1736 διανοοῖτο
523 1669 579 1737 καὶ
607 1667 712 1755 μηδὲν
745 1665 809 1738 ἀπὸ
838 1672 896 1755 τῆς
923 1672 1087 1758 προτέρας

31 1801 57 1841 15
72 1772 209 1860 γνῶμης
226 1772 409 1859 χαλάσειεν,
438 1769 503 1858 ὅ,τι
523 1769 566 1841 άν
584 1763 606 1862 ᾖ
623 1787 694 1853 τοῖς
711 1783 806 1855 θεοῖς
824 1781 926 1862 φίλον
946 1775 1087 1863 πάσχειν

71 1875 91 1968 ἢ
120 1879 286 1967 πράττειν,
316 1874 360 1959 ῶς
378 1887 510 1966 αίσχιον
537 1876 704 1969 ἀνανδρία
722 1882 831 1967 ψυχῆς
857 1880 912 1948 καλ
932 1884 1085 1962 διανοίας

72 1981 203 2074 ἀμαθία
242 1980 263 2071 ἢ
304 1983 425 2070 πλήθει
471 1984 645 2071 δυνάμεως
690 1981 933 2073 ἀσθενέστερον
980 1983 1086 2065 αὐτοῦ

71 2092 231 2177 φανῆναι.
281 2090 348 2157 νῦν
375 2089 440 2176 μέν
472 2087 536 2179 γάρ
574 2095 605 2158 εί
639 2092 685 2182 τῶ
721 2090 843 2176 πλήθει
880 2090 1088 2180 κρατήσειεν,

72 2192 136 2265 οὐκ
168 2197 299 2264 ἐκείνου
325 2192 363 2264 τὸ
392 2200 507 2284 ἔργον,
540 2192 622 2263 ἀλλὰ
648 2198 708 2284 τῆς
738 2202 949 2286 πολυχειρίας
981 2199 1087 2265 ἐστίν·

32 2329 59 2369 ιο
73 2306 104 2369 εί
129 2299 168 2368 δὲ
197 2303 234 2369 ἐν
264 2314 336 2381 ταῖς
364 2305 520 2382 Γαλλίαις
551 2303 771 2390 περιμένοντά
802 2329 843 2390 με
874 2304 929 2371 καὶ
962 2300 999 2371 τὸ
1030 2306 1087 2391 ξῆν

71 2404 253 2493 ἀγαπῶντα
284 2407 339 2476 καὶ
372 2410 587 2477 διακλίνοντα
617 2405 679 2477 τὸν
710 2413 874 2478 κίνδυνον
901 2405 1128 2498 ἀπανταχό-0

70 2523 135 2581 θεν
162 2511 344 2601 περικόψας
374 2513 548 2599 κατέλαβε,
580 2513 690 2605 κύκλῳ
718 2513 780 2602 μέν
811 2510 876 2584 ὑπὸ
905 2518 973 2583 τῶν
1004 2522 1086 2605 βαρ-

71 2618 198 2707 βάρων,
225 2615 309 2686 κατὰ
336 2616 441 2703 στόμα
469 2616 507 2685 δέ
524 2614 590 2687 ὑπὸ
618 2622 687 2687 τῶν
705 2617 812 2689 αὐτοῦ
840 2623 1087 2710 στρατοπέδων,

70 2723 107 2792 τὸ
141 2733 266 2792 παθεῖν
301 2750 336 2791 τε
368 2720 460 2811 οἶμαι
492 2721 533 2790 τδι
569 2730 691 2811 ἔσχατα
727 2727 858 2814 προσῆν
895 2727 950 2795 καὶ
984 2733 1031 2795 ἐτι
1063 2722 1083 2814 ἡ

33 2855 57 2895 ιε
70 2832 139 2897 τῶν
176 2823 381 2916 πραγμάτων
417 2828 558 2917 αἰσχύνη
597 2826 755 2917 οὐδεμιᾶς
791 2831 934 2899 ἐλάττων
972 2838 1086 2918 ζημίας

138 3042 223 3102 δέπί
240 3049 353 3103 ταδεν
386 3050 390 3114 Ι
424 3046 556 3132 ἔμελλον
561 3052 622 3102 Pet
642 3050 750 3118 spanh.]
770 3047 867 3131 ἔμελλε
954 3021 1087 3103 θάτάν-

69 3136 126 3170 των
143 3108 220 3182 H]
204 3111 340 3169 ἀπάντων
358 3115 415 3169 τῶν
483 3111 591 3170 θοόδέ
611 3120 637 3168 H
656 3123 684 3169 et
699 3117 781 3199 Cpb]
807 3110 873 3171 οότε
942 3111 1085 3173 90‘Rsk

69 3188 96 3236 H
116 3175 247 3267 οο1).]ος
309 3189 341 3237 10
358 3177 463 3253 ωηθην
480 3188 540 3237 Pet
559 3178 772 3265 οροο111ῶήθη
832 3189 862 3236 11
882 3180 1086 3246 δικαιοτάτους

69 3253 138 3303 Rsk.
159 3247 306 3318 Ιάργνρεί
306 3269 345 3303 ων
363 3270 388 3308 κ
408 3250 546 3319 χρυσείων
565 3252 640 3319 Cob.]
661 3246 805 3370 ἀργυρίων
823 3271 848 3304 κ.
866 3253 990 3320 χυσίων
1055 3256 1086 3304 15

69 3311 194 3385 πάσχειν
206 3317 282 3399 Pet]
309 3324 468 3386 παρασχειν
538 3322 569 3371 16
593 3320 751 3386 αίσχιονΗ
769 3324 797 3370 et
815 3272 899 3388 θουδ
922 3315 1042 3386 αἰσχρόν
1060 3337 1086 3383 v,

71 3376 220 3452 αίσχιον
204 3403 238 3438 ον
256 3387 333 3450 Βελε,
353 3387 426 3452 quod
445 3387 562 3439 fortasse
581 3388 791 3469 praeferendum
834 3391 874 3466 „²1
896 3387 1084 3439 διακλινοντα

69 3455 96 3503 Η
116 3459 144 3504 et
163 3451 242 3518 coh]
270 3453 460 3505 διακυλίοντα
545 3457 741 3521 24-p370,1
765 3448 783 3522 ἡ
807 3454 921 3507 τῶν-
945 3448 1084 3523 σῶφροσιλ

69 3521 150 3572 Haec
170 3536 184 3570 e
203 3521 344 3572 Demosth.
364 3537 401 3572 or.
421 3525 449 3586 1,
469 3524 501 3573 27
520 3522 646 3574 desumta
664 3492 728 3574 sun’t

122 3612 200 3653 Inanli
201 3613 260 3654 οιΙ.
847 3613 883 3660 24
