2414 3862
123 134 186 199 568
424 133 567 186 IULIANI
585 133 835 186 menedemus

125 269 276 357 θήματος
302 273 441 337 λιθίνου
468 271 628 355 χαλκοῦν,
661 265 801 356 ἀνδρός,
834 260 875 338 οὗ
902 294 987 356 φατε
1011 277 1149 355 ποθεῖν,

126 375 239 444 είκόνα
266 375 327 442 καὶ
355 372 491 463 μορφὴν
519 370 594 442 ἀντὶ
621 371 790 461 τριγώνου
817 379 920 442 λίθου
949 373 1149 462 χαράγματα

126 487 260 569 ἔχοντος
291 479 468 566 Αἰγύπτια.
518 481 573 548 καὶ
605 478 642 548 τὸ
675 479 859 568 λεγόμενον
891 482 944 569 δέ,
981 479 1029 562 ὥς
1060 482 1151 562 τινίς

126 595 214 658 εἰσιν
241 590 277 657 οί
296 586 541 675 θεραπεύοντες
563 587 618 655 καὶ
640 587 954 676 προσκαθεόδοντες
976 586 1086 657 αὐτοῦ
1109 588 1149 676 τῇ

126 697 275 784 κορυφῇ,
310 693 402 762 πάνυ
432 721 473 782 με
504 700 615 763 πείθει
647 697 768 782 χρῆναι
795 698 854 782 τῆς
881 698 1173 783 δεισιδαιμονίαςι

127 803 224 869 ἕνεκα
250 799 372 889 ταύτης
399 800 540 889 όπόγειν
568 798 680 870 αὐτόν.
727 804 763 868 οί
787 795 851 890 γὰρ
874 802 1045 890 θεώμενοι
1069 801 1151 882 τοὺς

127 907 358 988 καθεύδοντας
381 908 457 994 ἐκεί,
479 911 606 975 πολλοῦ
628 906 690 994 μὲν
709 904 830 993 ῥύπου,
852 912 978 994 πολλῆς
996 907 1036 976 δὲ
1055 906 1149 975 ἀσελ-

128 1018 220 1100 γείας
245 1015 320 1103 περὶ
348 1013 408 1083 τὸν
431 1013 536 1083 τόπον
558 1011 604 1094 ὡς
627 1019 741 1100 ἔτυχεν
765 1012 883 1102 οὔσης,
915 1014 993 1084 οὔτε
1016 1015 1149 1084 πιστεό-

129 1138 228 1186 ουσιν
246 1116 351 1190 αὐτὸν
368 1131 467 1190 θεῖον
486 1119 584 1208 εἶναι,
602 1121 658 1188 καὶ
677 1121 734 1189 διὰ
750 1120 894 1209 τὴντῶν
907 1124 1164 1211 προσεχόντων,

41 1270 46 1280 ·
83 1221 217 1315 αιαότςό
240 1229 505 1315 δεισιδαιμονίαν
523 1224 733 1316 ἀπιστότερα
751 1228 826 1316 περὶ
844 1227 924 1308 τοὺς
940 1228 1047 1310 θεοὺς
1064 1239 1146 1298 καθ·
1159 1252 1180 1290 10

130 1334 288 1423 ίστανται.
339 1328 384 1398 δι’
415 1328 496 1400 αὐτὸ
534 1331 576 1418 δὴ
607 1324 671 1401 οὖν
697 1336 797 1401 τοῦτο
825 1334 880 1402 καὶ
907 1337 1039 1420 μᾶλλον
1067 1333 1147 1423 ὑμῖν

129 1434 287 1521 προσήκει
315 1437 598 1523 συνεπιλαβέσθαι
628 1439 683 1506 καὶ
710 1438 837 1526 πέμψαι
863 1441 904 1527 τῇ
927 1441 990 1528 ἐμῇ
1012 1446 1147 1529 πατρίδι

31 1631 32 1635 ¹
129 1543 168 1628 τῇ
206 1541 430 1632 ξενοδοκοόσῃ
464 1545 572 1623 καλῶς
603 1540 705 1630 ὑμᾶς,
746 1542 800 1613 ὅτε
837 1549 885 1624 είς
915 1543 977 1614 τὸν
1010 1548 1147 1618 Πόντον

130 1651 298 1734 είσπλεϊτε,
320 1649 376 1716 καί
399 1646 509 1738 ὥσπερ
533 1653 580 1728 είς
601 1647 660 1728 τὰς
681 1647 809 1737 τροφὰς
831 1651 886 1718 καὶ
909 1655 957 1731 είς
973 1651 1038 1722 τὸν
1059 1655 1147 1734 ἐκτὸς

130 1753 258 1841 κόσμον
291 1755 551 1843 συμβάλλεσθαι.
595 1755 729 1835 πάντως
761 1754 824 1825 οὐκ
855 1755 954 1846 ima
983 1761 1041 1828 καὶ
1069 1759 1143 1851 παρ’
1157 1788 1177 1828 ιι

132 1859 246 1942 αὐτοῖς
272 1863 462 1931 ἑστόυαιντι
484 1866 553 1931 των
575 1859 760 1951 ὑμετέρων,
793 1868 840 1943 είς
863 1861 882 1933 δ
904 1870 1147 1953 προσπλέοντες

131 1975 171 2058 τῇ
193 1968 288 2039 πόλει
311 1966 379 2056 μετ’
407 1967 620 2057 εὐφροσύνης
642 1965 853 2055 ἆποβλέυετε.

441 2225 455 2249 ⁴
479 2145 544 2213 νθ’.
591 2151 805 2237 Διονυσίῳ.

218 2284 379 2374 Ἀμείνων
410 2270 506 2373 ᾖσθα
543 2290 679 2356 σιωπῶν
714 2279 936 2377 πρότερον’ἢ
970 2295 1037 2360 νῦν
1069 2291 1146 2361 ἆτο-

133 2391 347 2483 λογοόμενος,
371 2387 537 2478 οὐδὲγὰρ
561 2393 738 2480 ἐλοιδοροῦ
754 2392 839 2479 τότε,
862 2400 971 2464 καίτοι
991 2397 1175 2466 διανοοό-ιι

132 2524 233 2586 μενος
264 2506 344 2575 ίσως
375 2493 471 2565 αὐτό·
510 2497 589 2566 νυνὶ
615 2497 654 2566 δὲ
680 2496 790 2588 ὥσπερ
818 2496 953 2568 ὠδίνων
979 2500 1050 2588 τὴν.
1068 2500 1143 2571 καθ’

132 2601 228 2692 ἡμῶν
260 2605 434 2688 λοιδορίαν
466 2599 600 2690 ἀθρόαν
626 2602 761 2691 ἐξέχεας.
806 2600 827 2693 ἢ
854 2602 918 2692 γὰρ
947 2603 990 2674 οὐ
1016 2608 1083 2696 χρή
1110 2635 1146 2697 με

203 2813 233 2862 13
252 2801 447 2903 ξενοδοκοόσρ
464 2805 502 2875 H]
525 2802 718 2876 ξενοδοχοόσῃ
763 2812 819 2871 14,
823 2809 899 2869 ‚Poet
917 2827 949 2876 τρ
952 2827 1029 2875 σφας
1048 2815 1145 2865 adden-

133 2881 196 2930 dum
212 2879 324 2929 videtur
342 2865 435 2929 οότω
439 2877 541 2928 ‘Relu
576 2877 640 2928 Vid
658 2876 694 2926 ed
713 2878 798 2928 1191)
816 2882 845 2928 et
864 2876 927 2928 edd.
933 2828 1045 2946 oidieep.
1064 2883 1145 2935 36οΒ

134 2951 167 2999 15
185 2943 235 2998 καί
253 2961 305 2998 om.
324 2944 349 2996 G
396 2949 426 2998 te
444 2944 526 2994 Hane
545 2943 714 3008 epistolam
706 2960 736 2994 m
753 2950 806 3009 pet
825 2950 853 2995 et
871 2947 969 3011 epenh
988 2949 1071 3000 velde
1090 2965 1144 3001 cor·

132 3020 240 3080 ruptam
263 3020 291 3063 et
307 3013 467 3064 lacunosum
484 3009 654 3062 Fabricius
646 3027 675 3062 1n
693 3013 768 3062 Luce
787 3010 874 3062 Selnt
891 3013 999 3080 Eveng
1017 3032 1045 3081 p
1066 3019 1146 3069 326-

133 3085 183 3134 338
201 3098 216 3132 e
235 3082 330 3132 codiee
347 3080 470 3131 Mediceo
488 3078 590 3143 (eodem
608 3080 668 3142 eine
686 3079 769 3131 dubie
788 3095 821 3129 ee
838 3079 1032 3133 Laurentiano
1051 3088 1145 3151 58,1e‚

135 3150 212 3199 cuiue
234 3149 407 3199 accuratiore
429 3146 576 3197 collatione
599 3162 666 3198 neue
684 3153 727 3198 eet
745 3146 911 3216 Hereherue)
938 3149 1027 3200 multo
1046 3152 1146 3217 pleniu-

112 3278 116 3283 Ι
133 3232 188 3267 rem
205 3220 295 3296 utque
304 3215 516 3267 emendatiorem
533 3214 618 3264 edidit
639 3217 644 3274 1
672 3213 740 3276 „Me
759 3209 899 3266 Medieeus
916 3215 987 3268 hune
1005 3218 1114 3270 hebet
1106 3235 1146 3270 ιο-

134 3277 323 3366 scriptioner'nr
338 3274 497 3341 Ἰουλιανὸς
514 3272 589 3332 κατὰ
607 3278 747 3335 Νείλου.“
764 3281 907 3334 Fabricius
971 3280 1040 3336 19’
1020 3303 1039 3336 α
1041 3286 1146 3353 μείνων

132 3341 408 3430 -ίιιιολογοόμενος
424 3349 521 3401 desunt
528 3349 623 3431 vulgo
675 3352 709 3400 20
727 3341 839 3401 ciete
816 3339 907 3470 ⁴qod
953 3354 1060 3420 21-ρ
1071 3357 1144 3416 6621

133 3417 199 3471 νυνὶ
220 3412 290 3469 δἐ-
299 3416 448 3499 λοιδορίαν
466 3409 537 3471 uiri
557 3433 607 3468 om
625 3434 642 3466 v
661 3416 666 3481 Ι
685 3407 836 3468 τόδίνων-
858 3411 962 3483 §izenes
982 3421 1029 3475 cit
1050 3422 1146 3474 Suidee

132 3481 286 3537 ndidwev
355 3487 387 3536 22
406 3478 522 3550 αθρόαν
542 3483 580 3551 Η]
599 3475 752 3552 όθροονΑ
759 3473 902 3551 ,αθρουν
920 3484 993 3538 Suid.
