2446 3870
131 159 191 223 196
434 163 578 214 1UL1AN1
596 164 845 214 ιι-ιεταανοειε

207 288 371 377 Καθάπερ
401 279 465 357 οὖν
493 291 530 357 ἐν
561 303 631 370 τοῖς
658 303 788 377 νοεροϊς
815 296 903 377 ἔχειν
928 297 1059 380 ἔφαμεν
1086 291 1148 380 τὴν

127 392 310 482 ἡγεμονίαν
330 392 463 480 Ἥλιον,
494 394 582 463 πολὺ
613 396 688 484 περὶ
720 393 782 482 τὴν
814 393 993 485 ἀμέριστον
1026 394 1148 467 ούσίαν

128 503 250 570 ἑαυτοῦ
278 504 407 587 πλῆθος
434 502 589 582 ἑνοειδῶς
616 507 734 588 ἔχοντα
761 504 829 570 τῶν
856 506 958 590 θεῶν,
987 509 1033 571 ἔτι
1054 502 1090 571 δέ
1111 507 1148 573 ἐν

92 621 199 689 Βτοϊς
226 612 413 694 αἰσθητοῖς,
441 603 462 674 ἀ
487 604 528 694 δὴ
557 606 619 694 τὴν
637 608 748 698 κύκλῳ
778 612 954 677 διαιωνίαν
972 609 1149 698 πορεύεται

129 714 215 801 μύλα
244 710 429 802 εὐδαίμονα
456 719 611 802 πορείαν,
646 711 888 801 ἀπεδείκνυμεν
915 712 1064 803 ἀρχηγὸν
1091 717 1176 786 καλε

129 820 258 909 κύριον,
278 819 454 890 ἐνδιδόντα
473 819 534 908 μὲν
558 874 672 888 .....
679 873 687 906 ,
715 824 907 911 πληρούντα
926 820 964 890 δὲ
982 819 1043 890 τὸν
1067 819 1149 892 ὅλον

129 924 280 1016 οὐρανὸν
308 923 418 1015 ῶσπερ
450 929 508 1014 τῆς
535 929 742 1015 φαινομένης
773 923 879 1015 αύγῆς
911 925 999 996 ούτω
1028 928 1065 997 δέ
1091 931 1147 997 καὶ

129 1039 262 1122 μυρίων
294 1030 435 1120 ἀγαθῶν
468 1030 610 1120 ἀφανῶν
643 1031 768 1120 ἀλλων,
800 1033 1012 1122 τελειούμενα
1045 1033 1081 1102 δὲ
1114 1037 1147 1116 ἐξ

130 1136 235 1208 αύτοῶ
258 1141 314 1208 καὶ
342 1137 382 1206 τὰ
405 1137 495 1227 παρά
518 1142 586 1207 τῶν
609 1136 719 1207 ἀλλων
738 1141 899 1226 ἐμφανῶν
921 1143 1015 1209 θεῶν
1033 1137 1149 1226 ἀγαθά

130 1245 377 1334 χορηγούμενα,
414 1245 470 1312 καὶ
506 1245 572 1333 πρό
608 1272 646 1331 γε
677 1245 808 1313 τούτων
839 1242 964 1327 αύτούς
1000 1249 1149 1328 ἐκείνους
1163 1275 1188 1313 10

130 1347 195 1418 ὑπὸ
229 1354 287 1437 τῆς
318 1347 511 1439 ἀπορρήτου
542 1351 598 1418 καὶ
631 1358 727 1431 θείας
760 1348 865 1420 αὐτοῦ
896 1353 1148 1440 τελειουμένονς

131 1459 311 1545 ἐνεργείας·
344 1453 432 1525 οὕτω
467 1456 503 1524 δὲ
535 1458 591 1525 καὶ
622 1459 698 1547 περὶ
725 1456 785 1525 τὸν
818 1460 854 1526 ἐν
886 1459 1013 1545 γενέσει
1044 1459 1149 1529 τόπον

130 1562 235 1643 θεούς
262 1590 355 1643 τινας
387 1551 619 1650 ἐπιβεβηκέναι
651 1559 828 1651 νομιστίον
861 1560 927 1634 ὑπὸ
960 1568 1022 1634 τού
1054 1572 1149 1652 βασι-

99 1669 219 1749 Ολέως
251 1664 366 1738 Ἡλίου
403 1672 662 1758 συνεχομένους,
700 1675 735 1738 οἳ
768 1668 830 1757 την
866 1675 1050 1760 τετραπλῆν
1081 1675 1150 1740 τῶν

42 1801 66 1876 η
133 1781 306 1862 στοιχείων
342 1778 571 1865 κυβερνῶντες
608 1776 732 1863 φύσιν,
770 1777 845 1866 περὶ
887 1773 927 1858 ἀς
963 1776 1149 1865 ἐστήρικται
1164 1803 1189 1843 15

64 1922 70 1961 3
132 1884 237 1949 ταῦτα
265 1879 373 1970 ψυχὰς
405 1880 485 1970 μετὰ
501 1884 584 1984 ,τῶν
616 1884 719 1971 τριῶν
755 1882 954 1972 κρειττόνων
981 1885 1150 1952 ἐνοικοῦσι

133 1991 250 2074 γενῶν.
297 1985 414 2070 αύταϊς
443 1987 479 2056 δέ
505 2002 579 2069 ταῖς
605 2004 773 2078 μερισταῖς
800 2003 922 2076 ψυχαῖς
950 1986 1041 2057 ὅσων
1069 1987 1150 2077 ἀγα-

131 2097 209 2163 θῶν
243 2097 334 2163 ἐστιν
366 2104 485 2181 αίτιος,
518 2101 629 2185 κρίσιν
660 2121 695 2162 τε
727 2092 843 2176 αὐταῖς
878 2101 1063 2185 προτείνων
1095 2098 1150 2164 καὶ

134 2205 210 2288 δίκη
238 2201 461 2270 κατευθύνων
487 2202 544 2269 καὶ
573 2198 816 2291 ἀποκαθαίρων
843 2200 1061 2291 λαμπρότητις
1089 2200 1151 2291 τὴν

134 2301 216 2392 ὅλην
245 2305 282 2372 δέ
310 2304 371 2393 ούχ
390 2298 488 2388 οὗτος
515 2306 631 2394 φύσιν,
660 2304 817 2388 ἐνδιδούς
836 2303 972 2376 ἀνωθεν
1001 2304 1085 2397 αὐτῇ
1113 2307 1150 2377 τὸ
1165 2334 1190 2372 εο

134 2409 286 2498 γόνιμον,
313 2427 402 2480 κινεῖ
425 2414 480 2480 καὶ
509 2409 731 2503 ἀναζωπυρεϊ;
764 2410 847 2482 ἀλλά
878 2415 934 2483 καὶ
962 2427 1034 2494 ταῖς
1061 2442 1151 2504 μερι-

91 2525 229 2597 Βσταίς
257 2517 400 2604 φύσεσιν
428 2516 469 2587 ού
496 2522 554 2606 τῆς
581 2525 627 2600 είς
654 2522 746 2600 τέλος
772 2526 908 2610 πορείας
935 2510 1034 2600 οὗτός
1061 2523 1152 2588 ἐστιν

110 2618 269 2710 ἀληθῶς
297 2633 416 2707 αίτιος;
449 2623 634 2715 ἄνθρωπον
666 2624 731 2715 γὰρ
762 2621 829 2694 ὑπὸ
862 2623 1049 2715 ἀνθρῶπον
1076 2624 1151 2713 γεν-

133 2731 266 2798 νάσθαί
301 2751 406 2817 φησιν
440 2728 678 2820 Ἀριστοτέλης
698 2734 754 2800 καὶ
791 2728 898 2820 ἡλίου.
947 2728 1073 2801 ταύτὸν
1110 2730 1151 2820 δὴ

134 2826 198 2903 οὖν
225 2837 281 2905 καὶ
307 2839 360 2904 ἐπὶ
387 2839 455 2905 τῶν
478 2835 588 2907 ἀλλων
615 2834 783 2924 ἁπάντων,
807 2835 870 2907 ὅσα
897 2841 966 2906 τῶν
988 2841 1153 2927 μεριστῶν
1166 2863 1191 2903 ει

202 3063 218 3110 3
242 3078 299 3112 των
317 3059 396 3112 θεῶν
422 3061 454 3112 de
473 3061 593 3111 Marcilii
617 3061 778 3126 conjectura
797 3068 853 3126 pet.
873 3062 967 3140 qpanh.
1005 3059 1056 3112 τὸν
1079 3054 1152 3112 θεὸν

112 3123 275 3192 ’55τίΙέ
275 3146 300 3179 τι
318 3127 390 3193 Pet.]
411 3123 438 3180 εί
506 3118 755 3194 5ἀπεδείκνυμεν
773 3127 842 3194 Pet]
868 3121 1085 3207 ἀποδεικννμεν
1137 3131 1153 3178 6

134 3196 292 3264 Lacunam,
317 3212 397 3261 quam
422 3197 653 3262 significavimus,
677 3198 800 3261 explevit
817 3197 960 3248 Mamilius
984 3189 1016 3248 τὸ
1033 3190 1153 3262 γόνιμον

134 3236 418 3397 ῶλῇύῶῖῗειτῶάἀθῃίά,
436 3265 476 3382 ἀῶ
494 3263 681 3383 ἀῶάαῶτάὃάο
720 3258 895 3383 ΙῚῙΞοᾶῶνῘάἀ
911 3259 1056 3414 ὂάπύαῶάς
1061 3281 1154 3384 ταίὶτῶ

134 3398 250 3478 Kriiger.
269 3415 309 3465 gr.
330 3349 418 3451 Gy}
395 3402 436 3479 51,
455 3401 554 3452 Βοιαὶ.
574 3402 589 3450 1
659 3401 691 3450 22
710 3390 744 3451 ού
734 3325 916 3465 ’Μκτοί1.]ἀι
986 3401 1020 3450 24
1039 3393 1153 3466 ἀριστο-

135 3462 219 3543 τὲλης
247 3461 376 3532 1ἰ5τί]ὁ
361 3436 607 3533 οἎριστοτίλης.
645 3465 688 3518 Cf.
714 3467 749 3516 ad
780 3467 862 3519 1310
893 3468 900 3531 1
936 3457 1043 3518 ταύτὸν
1073 3465 1151 3532 libri]

126 3524 219 3581 er'w'
