2414 3862
130 184 193 249 600
434 181 578 233 IULIANI
597 178 846 231 IMPERATORIS

136 340 186 388 σει
215 321 255 388 δέ
281 339 317 386 σε
344 317 426 397 θεὸς
449 313 590 404 εὐμενὴς
611 313 691 403 μετά
714 317 772 402 τῆς
792 304 1153 403 Ἑνοδίαςπαρθένου,

129 425 185 494 καὶ
212 422 418 512 ὑπουργησει
446 421 572 511 δρόμος
599 419 761 507 δημόσιος
789 415 930 507 ὀχήματι
959 421 1154 512 βουλομένῳ

130 531 321 621 χρησασθαι
344 530 400 596 καὶ
423 533 603 617 παρίπποις
626 531 735 595 δυσίν.
1206 537 1207 541 ’

359 786 361 790 ,
617 703 671 806 οζῘ·

222 848 318 933 Χρῆν
345 845 407 933 μὲν
437 854 574 914 ολκοθευ
603 848 829 932 διανοηθέντα
857 839 876 912 3
901 843 943 930 δὴ
974 849 1043 913 νῦν
1068 846 1174 926 ἔδοξετ

133 964 294 1041 κρατῦναι
326 955 371 1042 τῷ
404 951 513 1042 νόμῳ,
549 949 586 1020 τὸ
619 949 765 1019 παλαιὸν
790 955 874 1032 ιἔθος
901 948 1105 1037 ἀναλαβεῖν,
1138 947 1154 1018 3

135 1055 374 1144 διανοούμενοι
392 1056 455 1144 μὲν
475 1061 511 1125 οἱ
525 1055 627 1124 πάλαι
645 1054 910 1144 καλόςθέμενοι
925 1057 1009 1138 τοὺς
1023 1057 1154 1146 νόμους,
1204 1112 1206 1125 2

135 1161 221 1231 εἶναι
248 1171 405 1232 πλεῖστον
432 1160 602 1249 ὑπέλαβον
630 1164 667 1231 ἐν
694 1163 783 1255 μέσῳ
807 1166 891 1250 ζωῆς
908 1190 943 1231 τε
967 1164 1028 1231 καὶ
1053 1162 1154 1232 θανό-

135 1294 211 1353 του,
244 1272 314 1357 ἰδίη
342 1267 380 1335 δὲ
408 1269 549 1360 ἑκατέρῳ
577 1270 714 1357 πρέπειν
737 1268 897 1356 ἐνόμισαν
920 1267 963 1335 τὰ
990 1267 1154 1356 ἐπιτηδεό-

19 1424 28 1433 „
135 1399 221 1460 ματα
245 1377 313 1442 τῶν
336 1380 453 1463 ἔργον.
483 1372 570 1442 εἶναι
592 1375 656 1462 μὲν
678 1375 742 1463 γὰρ
760 1375 822 1443 τὸν
839 1376 994 1442 θάνατον
1013 1372 1150 1462 ἡσυχίαν
1160 1393 1178 1433 1⁰

136 1481 273 1567 διηνεκῆ
296 1482 419 1549 -καὶ
446 1484 545 1549 τοῦτο
574 1479 639 1570 ἀρα
668 1481 758 1549 ἐστὶν
786 1478 803 1549 3
832 1484 978 1567 χαλκοῦς
1009 1477 1151 1562 ὕπνοςὸ
1201 1540 1205 1571 ,ρ

136 1583 201 1654 ὑπὸ
225 1590 294 1655 τῶν
315 1590 464 1675 ποιητῶν
486 1584 763 1675 ὑμνούμενος-
769 1638 780 1673 ,
808 1583 1012 1666 ἀπεναντίας
1037 1588 1127 1656 δὲ
1096 1615 1150 1675 την

138 1691 226 1822 ζροην
253 1699 342 1781 ἔχειν
369 1691 475 1761 πολλὰ
503 1693 565 1781 μὲν
597 1690 734 1779 ἀλγεινά
761 1691 868 1761 πολλά
900 1691 938 1759 δὲ
966 1689 1072 1779 ηδέα,
1102 1695 1149 1762 καὶ

136 1798 173 1867 τὸ
198 1799 353 1889 πράττειν
376 1803 441 1867 νῦν
464 1798 567 1886 μὲνρ
550 1799 680 1886 ετέρως,
704 1792 805 1879 αὖθις
828 1796 909 1866 w
888 1823 1043 1885 αμεινον.
1074 1828 1091 1869 ο
1085 1800 1148 1885 δη

138 1907 376 1994 διανοηθέντες
408 1906 527 1986 ἔταξαν
561 1908 631 1993 ἰδίᾳ
659 1905 721 1992 μὲν
749 1904 980 1994 ἀφοσιοῦσθαι
1007 1906 1051 1974 τά
1076 1932 1148 1994 προς
1158 1928 1175 1968 15
1205 1968 1206 1971 ,

136 2011 216 2091 τοὺς
238 2012 507 2099 κατοιχομένους,
531 2014 601 2101 ἰδία
625 2011 662 2079 δὲ
683 2011 725 2080 τά
747 2011 830 2100 πρὸς
851 2012 913 2080 τὸν
931 2009 1012 2081 καθ’
1030 2010 1148 2100 ἱμέραν

138 2121 392 2204 οἰκονομεῖσθαι
432 2121 519 2202 βίον.
579 2120 626 2184 ἔτι
668 2118 706 2186 δὲ
746 2117 882 2186 πόντων
919 2118 1148 2207 ὑπελάμβανον

138 2219 244 2315 ἀρχὴν
276 2220 362 2290 εἶναι
393 2224 450 2290 καὶ
476 2223 570 2302 τέλος
596 2222 676 2303 τοὺς
702 2222 820 2308 θεούς,
858 2224 984 2305 ζῶντός
1011 2253 1047 2294 τε
1073 2225 1149 2314 ἡμᾶς

138 2329 300 2416 ἐνόμισαν
326 2326 391 2396 ὑπὸ
415 2337 510 2407 θεοῖς
533 2325 650 2416 (εἶναι)
677 2329 734 2396 καὶ
762 2326 923 2410 ἀπιόντας
949 2331 1053 2400 πάλιν
1075 2358 1149 2420 προς

137 2433 216 2512 τοὺς
247 2433 351 2512 θεούς
382 2431 597 2521 πορεύεσθαι.
648 2433 685 2502 τδ
719 2434 781 2522 μὲν
805 2427 877 2503 ὀὖν
909 2432 994 2524 ὑπὲρ
1030 2439 1176 2508 tommo

138 2539 258 2625 λέγειν,
282 2548 346 2607 εἴτε
367 2552 438 2618 τοῖς
460 2535 575 2619 αὐτοῖς
593 2537 765 2629 ἀμφότερα
782 2539 945 2628 προσήκει
964 2551 1072 2630 θεοῖς,
1095 2555 1150 2613 εἴτε

138 2648 244 2736 ἕτεροι
267 2644 329 2734 μὲν
352 2645 606 2732 ἐπιτροπεύουσι
629 2644 708 2726 τοὺς
731 2650 865 2731 ζῶντας,
889 2648 1000 2736 ἕτεροι
1024 2650 1063 2718 δὲ
1082 2651 1150 2730 τοὺς

138 2757 339 2839 τεθνεῶτας,
370 2748 443 2820 οὐδ’
470 2749 581 2832 ἀξιον
596 2761 675 2832 ἴσως
703 2749 927 2841 δημοσιεύειν.
975 2765 1009 2824 εἴ
1031 2784 1071 2844 γε
1092 2756 1151 2846 μην

137 2859 289 2947 καθάπερ
326 2849 451 2946 ἡμέρας
482 2859 542 2925 καλ
570 2857 690 2937 νυκτὸς
722 2867 828 2938 αἴτιος
859 2857 957 2946 ἥλιος
995 2863 1066 2951 (καὶ
1096 2890 1151 2951 χει·

138 2966 264 3053 μόνος)
287 2964 343 3031 καὶ
366 2964 496 3052 θέρους
515 2961 625 3032 ἀπιὼν
647 2964 702 3032 καὶ
725 2964 894 3052 προσιόν,
928 2965 1018 3037 οὕτω
1044 2970 1082 3038 δὲ
1103 2969 1179 3039 καλν

207 3111 409 3183 2βουλομένφ
428 3114 564 3184 Siutenis]
585 3112 739 3184 βουμμένῳ
802 3120 819 3168 4
836 3119 897 3169 Ηοο
917 3117 1038 3173 edictum
1058 3125 1151 3190 primus

139 3201 173 3236 ex
191 3183 332 3234 Marciano
352 3186 401 3235 366
426 3185 531 3235 edidi
523 3201 553 3236 m
573 3186 694 3236 Hermae
712 3184 849 3236 volumIne
867 3187 943 3238 VIII.
962 3205 991 3254 p.
1011 3192 1151 3242 167-172.

137 3255 153 3302 6
171 3267 314 3315 κρατυναι
331 3251 360 3300 Μ
428 3255 444 3303 9
464 3248 527 3304 ἰδια
545 3268 576 3304 τε
595 3255 624 3304 Μ
694 3254 726 3303 18
745 3250 795 3304 καὶ
812 3249 894 3313 τέλος
918 3271 1010 3308 errore
1030 3260 1152 3310 omissum

137 3321 205 3371 est
197 3335 227 3370 m
244 3319 367 3381 Herma!
394 3314 551 3382 ζῶνταςτὲ
569 3319 598 3368 Μ
668 3323 700 3370 19
723 3313 801 3372 εἶναι
819 3320 879 3372 add.
897 3322 945 3385 ΗΙ
973 3325 1071 3376 Malim
1088 3321 1152 3390 πρός

137 3376 242 3467 ἀλλους
249 3383 351 3466 θεοὺς
371 3387 432 3437 coll.
451 3387 523 3438 Plat.
535 3387 672 3443 Phaedon
690 3405 717 3453 p.
732 3390 796 3440 6313
815 3394 842 3438 et
859 3389 945 3456 Legg,
959 3391 1024 3444 XII.
1036 3409 1063 3458 p.
1077 3391 1151 3445 959ss

136 3445 257 3575 λὲᾶορῐί
275 3453 304 3502 M
331 3453 335 3517 Ι
362 3453 438 3536 εἶχε
457 3452 497 3521 H]
457 3451 553 3507 Hel
571 3450 625 3522 μέν
644 3473 676 3523 χε
695 3455 724 3529 Μ
793 3459 827 3507 24
845 3461 873 3507 et
891 3459 925 3508 25
947 3457 998 3510 καὶ
1018 3458 1152 3527 χειμῶνος

135 3535 152 3570 a
