2446 3870
476 185 612 238 οαευιο
630 187 667 240 11.
1032 186 1075 252 35

57 315 159 382 τοῦτο
187 312 339 400 ἐξέπληξε
358 314 478 394 δεινάς
495 310 557 382 τὸν
576 312 757 403 βάρβαρον.
794 311 837 383 οὐ
854 312 921 402 μὴν
944 312 1108 403 άπῆγενθ

2 503 4 510 y
59 416 166 500 ωἰθάς
193 415 257 505 τὴν
285 418 457 509 στρατιάν,
485 415 559 488 ἀλλ’
588 410 691 500 αὖθις
717 434 788 500 τοῖς
815 417 930 501 αὐτοῖς
957 424 1074 511 χρῆται

0 567 11 625 χ
58 530 273 612 παλαίσμασι.
309 524 436 614 δράσας
459 524 497 593 δέ
516 522 607 613 οἶμαι
634 528 690 595 καί
709 524 833 595 παθὼν
859 526 1074 616 παραπλήσια

0 634 1 641 '
59 628 164 719 ἀπηγε
197 628 261 718 τὴν
293 629 451 720 στρατιάν
483 628 606 719 ὀπίσω,
642 629 787 714 πολλοὺς
823 632 885 721 μὲν
915 627 982 702 ὑπὸ
1014 636 1074 721 τῆς

12 739 190 825 ιε’νδείας
222 736 349 826 δήμους
379 734 557 824 ἀπολέσας,
589 736 696 808 πολλὰ
727 737 766 807 δέ
793 735 968 820 ἀναλώσας
998 741 1073 829 περὶ

6 864 7 867 ’
58 859 125 925 τοῖς
151 842 285 930 χώμασι
310 845 367 912 καὶ
394 846 434 932 τῇ
460 851 636 936 πολιορκίη
664 844 810 932 σώματα,
838 845 1008 934 σατράπας
1035 844 1074 914 δέ

59 946 188 1019 ἀνελὼν
216 949 375 1037 συχνούς,
407 948 511 1020 ἀλλον
538 946 618 1019 ἀλλο
646 950 897 1038 ἐπαιτιώμενος,
923 949 985 1020 τὸν
1011 951 1107 1041 μένΙ)

12 1148 13 1154 ¹
59 1053 106 1125 ὅτι
135 1052 181 1144 μὴ
211 1058 377 1145 καρτερῶς
408 1058 581 1145 ἐπεποίητο
609 1055 650 1125 τά
676 1055 826 1144 χάματα,
860 1055 925 1139 εἶξε
952 1057 989 1126 δὲ
1017 1059 1073 1127 καί

0 1212 1 1226 ,
58 1161 249 1248 ἐπεκλύσθη
276 1160 368 1251 παρά
385 1165 454 1230 τῶν
480 1169 652 1250 ποταμίων
671 1163 856 1252 ῥευμάτων,
883 1162 945 1233 τὸν
968 1163 1005 1233 δέ
1029 1159 1075 1245 ὡς

26 1292 47 1333 ιο
58 1269 198 1356 φαύλως
225 1264 479 1356 ἀγωνισάμενον
505 1264 571 1338 ὑπὸ
603 1283 675 1351 τοῖς
699 1275 835 1358 τείχεσι,
867 1271 923 1339 καί
951 1267 1073 1351 ἀλλους

58 1371 160 1455 ἀλλας
194 1373 328 1461 ἐπάγων
361 1379 468 1456 αἰτίας
500 1381 653 1444 ἔκτεινεν.
704 1381 772 1445 ἐστι
808 1375 873 1466 γάρ
910 1368 949 1446 εὖ
984 1376 1073 1465 μάλα

57 1495 127 1562 τοῖς
159 1479 244 1549 κατά
279 1478 342 1568 τὴν
370 1477 486 1551 Ἀσίαν
522 1482 705 1570 βαρβάροις
741 1482 889 1570 σύνηθες
922 1486 956 1564 ἐς
994 1481 1075 1564 τοὺς

57 1583 232 1674 ὑπηκόους
256 1584 315 1668 τάς
334 1591 442 1669 αἰτίας
463 1590 522 1675 τῆς
540 1593 750 1677 δυσπραγίας
778 1585 1074 1675 ἀποσκευάζεσθαι,

58 1689 76 1761 ὃ
104 1690 148 1781 δὴ
178 1694 233 1761 καὶ
259 1693 334 1762 τότε
362 1693 489 1782 δράσας
516 1690 625 1764 ἀπιὼν
653 1692 765 1788 ᾤχετο.
809 1697 866 1764 καί
893 1692 967 1782 ἀγει
990 1693 1074 1784 πρὸς

22 1794 145 1887 ιοὴμᾶς
172 1798 310 1887 εἰρήνην
338 1800 375 1869 ἐκ
402 1800 535 1887 τούτου,
563 1801 619 1869 καί
647 1799 725 1869 οὔτε
748 1797 858 1890 ὅρκων
886 1799 964 1870 οὔτε
991 1822 1072 1870 συν-

56 1907 177 1995 θηκῶν
205 1902 351 1992 ἐδέησεν,
379 1902 491 1996 ἀγαπᾷ
518 1906 556 1975 δέ
584 1916 671 1975 οῖκοι
694 1907 816 1993 μένων,
844 1911 876 1974 εἰ
901 1904 945 1994 μὴ
973 1927 1072 1996 στρα-
1092 1923 1126 1973 οῖ

55 2010 188 2080 τεάοιτο
216 2009 375 2098 βασιλεὺς
402 2008 453 2079 ἐπ’
483 2009 589 2081 αὐτὸν
616 2013 672 2080 καὶ
700 2015 800 2098 δίκην
827 2009 983 2099 ἀπαιτοίη
1011 2015 1073 2080 τοῦ

1 2114 3 2161 3
55 2116 212 2207 θράσους
247 2118 303 2186 καί
334 2119 393 2205 τῆς
429 2114 598 2201 ἀπονοίας.
649 2108 715 2206 ἀρά
746 2144 784 2204 γε
821 2114 917 2197 ἀξιον
947 2117 1073 2205 ταύτην

55 2229 266 2313 παραβαλεῖν
292 2222 355 2311 τὴν
382 2222 491 2312 μάχην
509 2240 582 2306 ταῖς
608 2220 692 2315 ὑπέρ
710 2225 779 2293 τῶν
802 2226 891 2293 νεῶν
918 2226 987 2292 τῶν
1002 2219 1072 2292 Ἑλ-

1 2331 206 2418 Ἰιοληνικοῖν
233 2331 289 2398 καί
307 2333 369 2399 τοῦ
388 2336 531 2417 τείχους;
560 2328 693 2420 ἀθρεῖτε
720 2329 758 2398 δὲ
786 2322 853 2399 άδε
869 2329 932 2418 τὴν
960 2327 1072 2419 ὁμοιό-

55 2463 139 2524 τητα
184 2437 241 2504 καὶ
280 2434 318 2505 τὸ
359 2436 528 2525 διάφορον
568 2444 747 2525 λογίζεσθε.
802 2432 971 2525 Ἑλλήνων
1011 2437 1073 2525 μὲν

57 2551 184 2610 Αἰαντε
211 2543 267 2611 καί
299 2547 334 2611 οἰ
358 2549 512 2612 Λαπίθαι
544 2545 600 2612 καί
628 2541 827 2624 Μενεσθεὺς
852 2545 915 2612 τοῦ
942 2549 1072 2633 τείχους

57 2646 150 2728 εἶξαν
182 2648 239 2717 καί
270 2652 440 2738 περιεῖδον
474 2646 534 2730 τάς
565 2649 673 2731 πύλας
708 2651 972 2740 συντριβομένας
1007 2645 1069 2737 ὑφ’

49 2750 209 2843 Έκτορος
235 2755 292 2823 καί
318 2756 388 2823 τάν
414 2755 581 2836 ἐπάλξεων
609 2755 827 2844 ἐπιβεβηκότα
853 2754 915 2826 τὸν
933 2764 1071 2847 Σαρπη-

21 2881 44 2923 25
57 2861 153 2929 δόνα.
199 2863 236 2928 οί
261 2860 299 2929 δὲ
327 2858 407 2929 οὐδὲ
435 2862 673 2951 διαρραγέντος
700 2858 893 2950 αὐτομάτοις
918 2865 981 2933 τοῦ
1007 2868 1113 2931 τεί-Β

56 2994 138 3053 χους
166 2967 339 3054 ἐνέδοσαν,
367 2963 450 3035 ἀλλὰ
478 2970 600 3036 ἐνίκων
618 2968 799 3057 μαχόμενοι
825 2969 882 3037 καί
910 2964 1072 3058 άπεκροά·

57 3099 136 3141 οντο
154 3079 381 3162 Παρθυαίους
408 3072 471 3154 ξὺν
492 3071 612 3154 Ἰνδοῖς
639 3075 966 3163 ἐπιστρατεύσαντας.
1004 3071 1073 3141 εἶτα

58 3174 74 3246 ὁ
102 3179 165 3266 μὲν
193 3176 310 3266 ἐπιβάς
327 3181 397 3247 τάν
423 3182 512 3250 νεῶν
540 3177 605 3249 ἀπὸ
624 3183 693 3248 τάν
721 3185 839 3270 ἰκρίων
866 3175 977 3263 ὥσπερ
996 3178 1072 3268 ἐρύ-

124 3352 158 3401 10
176 3337 294 3414 ἀλλους]
313 3339 410 3409 ἀλλοις
429 3354 501 3401 cant.
555 3353 586 3400 11
605 3342 696 3409 άλλας
708 3341 823 3413 ἐπάγων
836 3342 934 3407 αἰτίας
952 3349 981 3397 Μ
1000 3352 1072 3400 eant.

55 3413 96 3484 λλ]
121 3408 227 3475 ἄλλαις
249 3409 366 3482 ἐπάγων
387 3412 497 3476 αἰτίαις
566 3420 598 3469 19
621 3416 801 3482 παραβαλεῖν
818 3413 859 3495 Ἡ
875 3408 1074 3483 παραβάλλειν

55 3479 144 3618 ξῖΜιβ
166 3483 296 3563 λαπίθαι
313 3481 389 3552 VM]
411 3483 548 3537 Λαπίθαι
617 3487 650 3536 23
674 3476 730 3550 ὑφ’
748 3481 787 3550 V]
806 3500 877 3550 προς
946 3486 979 3536 25
1002 3473 1073 3549 οάδέ

151 3566 186 3603 ου
