2436 3870
320 183 574 236 FRAGMENTUM
592 184 805 238 ΕΡιεΤοιΑΕ.
925 225 927 227 .
1009 160 1103 248 373¹

54 312 110 380 καὶ
139 309 270 379 τούτων
292 317 524 402 μεταδίδομεν,
553 317 588 381 οί
612 327 682 393 τοῖς
700 308 895 400 ἀνθρώποις
915 309 957 381 οὑ
975 339 1071 400 μετα-

56 417 216 497 διδόντες.
266 425 301 485 τί
335 416 372 487 δὲ
408 421 475 487 νῦν
512 424 703 488 θαλαττίων
740 423 836 510 σίτῳ,
868 425 902 486 τί
931 416 968 487 δὲ
1004 422 1072 487 τῦν

55 529 222 614 χερσαίων
248 538 318 604 τοῖς
346 526 383 592 έν
409 527 450 613 τῇ
477 525 625 613 θαλάττῃ
658 527 790 616 χρηται;
822 522 950 614 χρυσὸν
978 522 1071 592 οῦπω

56 631 141 716 λέγω
178 631 234 697 καὶ
266 628 391 718 χαλκὸν
421 633 477 700 καὶ
510 636 667 720 σίδηρον,
705 625 756 711 οἷς
792 633 895 699 πᾶσιν
928 633 963 699 οί
996 632 1072 701 θεοὶ

29 735 263 817 τζαπλοῦτους
293 733 379 824 ἡμᾶς
411 739 588 826 ἐποίησαν,
621 734 685 825 οὐχ
711 741 768 805 ’ίνα
797 733 927 818 ῦνειδος
960 732 1073 804 αῦτῦν
1120 776 1123 785 ·

55 845 265 933 περιορῶμεν
291 847 573 932 περινοστοῦυτας
604 842 684 924 τοὺς
715 844 873 930 πένητας,
901 840 1008 923 άλλως
1034 860 1126 910 vetto

58 946 140 1016 ὅταν
176 950 233 1017 καὶ
270 951 420 1031 ἐπιεικεῖς
455 977 544 1030 τινες
578 948 703 1036 τύχωσι
739 947 800 1017 τὸν
836 948 980 1038 τρόπον,
1023 944 1073 1028 οἷς

56 1057 209 1147 πατρῷος
241 1054 302 1142 μὲν
339 1059 460 1146 κλῆρος
493 1052 535 1125 οῦ
566 1058 721 1143 γέγονεν,
758 1050 824 1124 ὑπὸ
858 1054 896 1123 δὲ
932 1064 1071 1142 μεγαλο-

56 1167 181 1248 ψυχίας
198 1158 317 1248 ἥκιστα
337 1164 581 1250 ἐπιθυμοῦντες
599 1161 777 1251 χρημάτων
795 1162 962 1229 πένονται.
993 1161 1072 1230 τοῦ-

15 1291 41 1330 10
56 1294 138 1347 τους
174 1261 318 1355 όρῦντες
356 1272 391 1336 οί
424 1269 542 1337 πολλοὶ
578 1266 659 1350 τοὺς
697 1265 802 1347 θεοὺς
842 1264 1073 1348 ὀνειδίζουσιν.

58 1381 160 1441 αἴτιοι
193 1372 230 1441 tt
261 1375 338 1442 θεοὶ
365 1374 426 1461 μὲν
459 1370 523 1443 οὐκ
550 1376 615 1442 εἰσὶ
646 1377 705 1462 τῆς
730 1373 863 1442 τούτων
890 1379 1021 1461 πενίας,
1053 1368 1073 1460 ἡ

57 1478 97 1547 δὲ
124 1474 220 1566 ἡμῶν
246 1482 314 1548 τῶν
342 1482 551 1568 κεκτημένων
570 1476 734 1567 ἀπληστία
761 1481 911 1560 καὶτοῖς
937 1475 1073 1568 ἀνθρώ-

57 1609 134 1664 ποις
161 1579 245 1674 ὑπδρ
272 1588 341 1654 των
367 1589 460 1655 θεῶν
489 1582 551 1654 οῦκ
579 1582 730 1672 ἀληθοῦς
756 1581 955 1673 ὑπολήψεως
982 1590 1074 1653 αίτία

57 1697 186 1776 γίνεται
217 1693 274 1758 καὶ
301 1693 534 1785 προσέτιιτοῑς
560 1701 654 1772 θεοῖς
686 1687 841 1770 ὀνείδους
868 1687 996 1758 ἀδίκου.
1042 1696 1115 1758 τίΒ

18 1819 44 1858 15
58 1794 123 1884 γάρ
152 1793 374 1886 ἀπαιτοῦμεν,
406 1801 463 1868 ἵνα
490 1796 619 1887 χρυσὸν
652 1793 762 1886 ῦσπερ
794 1810 864 1876 τοῖς
887 1792 1028 1878 Ῥοδίοις
1056 1793 1073 1867 ό

57 1900 141 1983 θεὸς
167 1898 233 1990 ῦση
260 1918 330 1984 τοῖς
357 1906 513 1992 πένησιν;
546 1900 629 1971 ἀλλὰ
656 1908 688 1971 εί
717 1903 773 1971 καὶ
800 1904 900 1970 τοῦτο
928 1904 1074 1989 γένοιτο,

57 2010 183 2096 ταχέως
219 2005 312 2096 ἡμεῖς
344 2005 594 2098 ὑποβαλόμενοι
630 2007 709 2089 τοὺς
742 2008 870 2088 οἰκέτας
905 2009 961 2074 καὶ
993 2024 1074 2098 προ-

58 2116 176 2195 θέντες
203 2118 375 2203 πανταχοῦ
401 2114 442 2184 τά
470 2112 588 2202 ἀγγεῖα
614 2113 741 2195 πάντας
768 2111 990 2201 ἀπελάσομεν,
1018 2118 1075 2183 ἵνα

58 2219 159 2307 μόνοι
186 2219 227 2289 τὰ
255 2219 353 2290 κοινά
371 2225 440 2291 τῶν
465 2225 559 2290 θεῶν
578 2217 780 2310 άρπάσωμεν
804 2222 905 2308 δοῦρα.
940 2221 1074 2310 θαυμά-

21 2348 45 2386 20
60 2346 128 2394 σειε
157 2323 188 2394 δ’
219 2323 263 2394 ἀν
289 2354 339 2409 τις
366 2328 511 2412 είκότως,
539 2333 571 2396 εί
595 2330 694 2417 τοῦτο
723 2326 784 2413 μὲν
812 2323 969 2413 ἀξιοῦμεν
998 2326 1075 2396 οῦτε

58 2430 210 2520 πεφυκὸς
237 2439 394 2519 γίνεσθαι
425 2435 481 2503 καὶ
509 2431 699 2513 ἀλυσιτελὲς
725 2433 849 2520 πάντη,
876 2432 917 2500 τά
945 2433 1073 2503 δυνατὰ

59 2537 96 2606 δὲ
124 2537 170 2626 μὴ
197 2537 392 2627 πράττομεν.
438 2546 488 2620 τίς
514 2538 579 2629 γάρ
607 2542 643 2608 έκ
670 2541 732 2607 τοῦ
760 2538 977 2627 μεταδιδόναι
1004 2547 1108 2623 τοίςθ

58 2646 160 2724 πέλας
187 2646 316 2730 ἐγένετο
349 2647 466 2733 πένης;
498 2645 563 2732 έγά
591 2673 643 2715 τοι
674 2645 832 2726 πολλάκις
863 2659 933 2726 τοῖς
961 2649 1074 2734 δεομέ-

59 2777 132 2830 νοις
159 2753 343 2840 προέμενος
370 2751 558 2840 ἐκτησάμην
591 2748 675 2819 αὑτά
703 2748 781 2839 παρ’
813 2747 926 2820 αὐτῶν
953 2761 1075 2821 πολλα-

21 2873 44 2914 2⁵
58 2855 183 2924 πλάσια
215 2863 334 2946 καίπερ
367 2853 415 2926 οῦν
453 2861 583 2945 φαῦλος
614 2855 851 2946 χρηματιστής,
888 2859 943 2924 καί
981 2854 1076 2926 οῦδέ-

59 2964 142 3031 ποτέ
167 2989 224 3049 μοι
251 2965 447 3052 μετεμέλησε
473 2965 653 3055 προεμένῳ.
689 2963 745 3030 καὶ
773 2959 813 3030 τά
841 2961 902 3048 μὲν
928 2964 995 3030 νῦν
1013 2959 1077 3031 οῦκ
1156 2991 1163 3003 ε

128 3205 144 3253 9
162 3208 190 3252 et
210 3206 241 3254 10
259 3199 378 3263 τούτους
396 3200 452 3285 ηιὶρ
471 3197 592 3283 ὁρῶντες
611 3204 792 3255 Rsk.15
806 3195 944 3280 Ροδίοις]
963 3202 1077 3254 Pindar.

60 3269 105 3322 Ol.
126 3272 151 3333 7,
169 3272 202 3321 49
221 3269 275 3335 (⁹0)
346 3274 377 3322 17
396 3263 610 3358 ὑποβαλόμενοι
629 3268 706 3336 Oob.]
724 3261 954 3351 ὑποβαλλόμενοι
974 3267 1077 3333 Ιπροο-

59 3306 164 3396 θέντες
181 3339 207 3387 V
292 3341 325 3389 20
348 3332 500 3406 ἀξιοῦμεν]
521 3338 656 3418 ἀξιοῖμεν
674 3339 701 3388 Η
770 3339 803 3388 22
826 3332 990 3402 πράττομεν
1008 3337 1076 3388 Rsk.

59 3401 188 3485 110on
214 3401 386 3485 πράττωμεν
473 3410 506 3459 23
535 3399 628 3458 πολλά
657 3397 796 3465 πολλάκις
825 3403 977 3455 Horkelius
1044 3407 1078 3454 24

59 3488 122 3589 ξαρ
151 3469 265 3541 αυτῦν]
290 3467 370 3540 παρά
392 3472 473 3526 θεῶν
494 3476 529 3525 Η.
565 3476 589 3524 Α
609 3477 658 3524 diis
675 3473 856 3524 immortalibus
878 3473 1077 3538 interpretatur

85 3555 100 3590 e
