2446 3870
143 155 203 220 166
443 160 587 211 Ιοοιεεο
606 157 855 211 οιεοοεοοοοε

89 287 203 354 οεοπαὶ
225 284 361 354 πάντων
380 286 520 373 μάλιστα
539 289 687 356 ἐπαίνων
706 284 801 366 ἀξιον
819 282 856 353 τὸ
876 285 1005 371 μηδένα
1032 299 1161 353 κτεῖναι

142 395 211 460 τάν
238 394 384 461 πολιτῶν
402 391 486 480 μηδὲ
514 389 700 480 ἀφελέσθαι
717 389 758 460 τά
781 389 930 481 χρήματα
949 389 1033 479 μηδὲ
1051 387 1160 483 ἀδίκῳ

142 501 236 587 φνγῆ
264 505 471 588 περιβαλεῖν;
505 496 596 580 ὅστις
623 497 661 567 δὲ
692 493 776 588 πρὸς
803 495 862 578 τάς
892 497 1049 578 τοιαύτας
1075 517 1160 584 συμ-

142 603 251 693 φορὰς
292 599 398 674 αὑτὸν
439 603 612 687 ἀντιτάξας
652 604 805 692 καθάπερ
852 602 964 691 ἰατρὸς
1004 618 1162 688 γενναῖος

143 709 300 800 οὐδαμῶς
332 708 482 801 ἀποχρῆν
513 707 681 798 ὑπέλαβεν
712 707 804 803 αύτῷ
835 707 873 778 τὸ
906 711 1024 798 μηδενὶ
1058 711 1187 798 vomi-5

142 845 244 906 ματος
271 823 367 910 αίτίςο
388 821 558 906 γενέσθαι,
587 814 659 887 ἀλλ’
689 823 721 886 εί
746 816 790 906 μῆ
809 816 918 886 πάντα
936 822 985 897 είς
1012 816 1162 905 δύναμιν

143 927 221 1016 ίῷτο
249 926 304 993 καὶ
331 925 531 1015 θεραπεύοι,
565 921 668 994 οὐδὲν
695 922 791 1005 ἀξιον
823 925 881 1011 τῆς
908 918 1015 992 αὑτοῦ
1043 924 1161 1012 τέχνης
1203 964 1205 970 v

142 1037 243 1120 ἔργον
271 1026 452 1119 ὑπέλαβεν,
481 1023 547 1121 ἀρα
574 1027 656 1118 ύμῖν
683 1036 778 1100 δοκεῖ
802 1034 871 1098 τῶν
899 1038 983 1098 ίσων
1011 1031 1161 1099 ἐπαίνων

100 1152 123 1205 Β
144 1140 181 1206 ἐν
209 1143 286 1226 δίκη
314 1138 507 1226 τυγχάνειν;
535 1139 591 1206 καὶ
611 1133 713 1206 οὐδὲν
731 1135 977 1226 προτιμῆοομεν
1005 1133 1081 1204 ούτε
1100 1134 1161 1205 τὸν

140 1244 268 1333 τρόπον
301 1239 379 1311 ούτε
410 1241 472 1331 τῆν
500 1243 660 1330 δύναμιν,
695 1239 756 1330 ὑφ’
787 1235 826 1330 ῆς
853 1244 957 1324 έξεστι
984 1241 1046 1330 μὲν
1073 1240 1160 1331 αύτῆ
1175 1277 1199 1315 10

141 1351 231 1438 δρᾶν
258 1345 324 1433 ό,τι
358 1344 401 1416 ἀν
429 1351 544 1438 ἐθέλη,
571 1350 664 1418 θέλει
689 1349 726 1418 δέ
750 1347 854 1419 ἅπασι
881 1346 1030 1437 τάγαθά;
1058 1351 1159 1417 τοῦτο

141 1452 206 1540 ἐγὼ
240 1454 425 1541 κεφάλαιον
457 1459 519 1525 τού
550 1453 675 1537 παντὸς
706 1458 849 1525 ἐπαίνου
886 1458 1063 1542 ποιοῦμαι,
1097 1451 1160 1525 ούα

142 1556 280 1649 ἀπορῶν
308 1556 420 1630 ἀλλων
436 1570 642 1650 θαυμασίων
660 1560 748 1631 εἶναι
776 1553 971 1631 δοκούντων
998 1563 1055 1630 καὶ
1078 1571 1159 1648 λαμ-

141 1670 238 1755 πρόν
277 1667 502 1755 διηγημάτων.
553 1674 584 1738 εί
615 1666 679 1759 γὰρ
716 1668 759 1756 δή
795 1695 844 1749 τις
880 1666 943 1755 τῆν
978 1668 1055 1757 περὶ
1091 1670 1161 1736 τῶν

142 1771 254 1842 ἀλλων
282 1773 412 1862 σιωπῆν
431 1771 671 1845 ύποπτεύσειεν
695 1770 740 1856 οἱς
757 1780 902 1863 ματαίαν
930 1765 1038 1842 οὖσαν
1055 1794 1159 1863 προσ·
1175 1806 1199 1846 15

140 1886 278 1968 ποίησιν
305 1883 361 1950 καὶ
389 1877 585 1966 ἀλαζονείαν
608 1880 710 1970 κενὴν
737 1883 794 1950 καί
813 1878 961 1968 αὐθάδη,
990 1876 1065 1950 ούτι
1092 1906 1160 1950 που

141 1988 198 2057 καὶ
224 1986 286 2076 τῆν
315 1994 455 2076 ἔναγχος
482 1991 661 2077 ἐπιδημίαν
694 1990 880 2076 γενομένην
907 1983 994 2075 αύτῆ
1021 1985 1086 2075 τῆν
1113 1992 1161 2067 είς

140 2091 202 2182 τῆν
235 2090 378 2183 Ῥώμην,
416 2090 516 2164 ὁπότε
553 2094 765 2185 ἐστρατεύετο
803 2090 960 2181 βασιλεὺς
1002 2093 1161 2181 ζεύγμασι

101 2201 197 2268 Οκαὶ
228 2202 330 2269 ναυσὶ
365 2199 426 2269 τὸν
455 2196 575 2290 Ῥῆνον
608 2199 727 2289 διαβὰς
760 2198 866 2288 ἀγγον
898 2201 968 2268 τοῖν
996 2203 1161 2280 Γαλατίας

141 2300 261 2393 ὁρίων,
298 2308 407 2392 ψευδῆ
430 2307 501 2390 ,καὶ
539 2309 773 2396 πεπλασμένην
810 2304 916 2387 ἄλλως
948 2299 1161 2375 ύποπτεύσει.
1175 2337 1200 2377 εο

141 2411 219 2498 ἐξῆν
246 2408 288 2496 δῆ
319 2401 399 2497 οὖν,
433 2407 477 2492 ὡς
505 2412 608 2500 εἰκός,
642 2415 852 2505 διηγουμένῳ
880 2415 985 2481 ταῦτα
1011 2414 1074 2480 τοῦ
1102 2412 1161 2500 δή·

141 2543 207 2603 μου
234 2519 427 2605 μεμνῆσθαι
455 2520 588 2607 καὶτῆς
616 2526 804 2612 γερουσίας,
833 2516 922 2600 ὅπως
946 2513 1054 2606 αύτῆν
1080 2513 1160 2587 ύπε-

143 2623 254 2708 δέχετο
297 2619 363 2692 σύν
409 2629 575 2715 χαρμονῆ,
617 2627 801 2716 προθύμως
846 2621 1060 2706 ὑπαντῶντες
1105 2625 1161 2693 καὶ

142 2727 350 2816 δεξιούμενοι
378 2731 531 2822 καθάπερ
559 2732 662 2820 νόμος
696 2737 867 2821 βασιλίδα,
899 2733 955 2800 καὶ
982 2733 1052 2799 τῶν
1079 2727 1161 2799 ἀνα-

141 2833 304 2923 λωμάτων
340 2834 395 2904 τό
417 2839 575 2925 μέγεθος,
613 2834 658 2919 ὡς
694 2839 887 2925 ἐλευθέριον
923 2838 979 2907 καὶ
1020 2846 1160 2924 μεγαλο-
1175 2867 1199 2907 ει

142 2944 272 3030 πρεπές,
300 2944 356 3011 καί
385 2946 444 3031 τῆς
471 2947 684 3034 παρασκευῆς
706 2943 769 3032 τῆν
796 2947 1023 3030 πολυτέλειαν,
1052 2939 1161 3013 ὁπόσα

142 3075 177 3116 τε
215 3055 323 3138 ἔνειμε
355 3052 423 3118 τῶν
456 3054 576 3137 φυλῶν
607 3066 677 3132 τοῖς
709 3049 898 3132 ἐπιστάταις
933 3051 989 3120 καὶ
1026 3051 1161 3119 ἑκατον-

99 3155 279 3245 Βτάρχαις
310 3159 372 3225 τοῦ
399 3156 554 3245 πλήθους
586 3155 897 3247 ἀπαριθμῆσασθαι.
943 3153 1015 3226 ἀλλ’
1050 3161 1161 3244 ἐμοιγε

140 3263 209 3329 τόν
236 3249 399 3331 τοιούτων
428 3260 505 3332 ούτε
534 3266 631 3345 ἐδοξέ
656 3289 736 3333 ποτε
765 3261 910 3352 ζηλωτὸν
938 3259 1056 3350 ούδέν,
1085 3260 1162 3331 οὔτε

200 3469 223 3544 ‘1
248 3460 437 3546 ξπαίνωῌῆ
462 3461 585 3521 ἐπαίνου
654 3474 669 3521 5
693 3461 770 3539 αύτῷ
794 3468 833 3536 Η]
860 3461 936 3538 αύτῷ
1006 3459 1162 3546 θὶάλλόιί

129 3533 150 3578 7
163 3547 262 3582 ανταν
278 3531 324 3598 Η]
342 3550 437 3587 αντον
509 3539 541 3590 19
559 3529 654 3605 ἀγχου
672 3536 746 3603 Pet]
767 3535 849 3604 εἶχον
918 3540 950 3588 28
969 3529 1043 3588 ἀλλα
1061 3535 1086 3586 V
