2436 3870
145 132 208 198 388
446 133 589 186 IULIANI
612 132 858 185 IMPERATORIS

144 259 282 330 πάντων
314 255 524 348 άγνεύσαντα
556 260 660 330 νύκτα
692 262 747 358 καὶ
775 256 917 348 ἡμέραν,
950 257 1022 328 εἶτα
1055 258 1156 347 άλλην

145 363 197 435 ἐπ’
232 362 317 455 αῦτη
348 366 453 435 νύκτα
484 367 722 456 καθηράμενον
754 360 805 446 οἷς
837 365 1100 454 διαγορεύονσιν
1127 370 1158 435 οί

144 474 267 560 θεσμοὶ
299 482 489 562 καθαρμοῖς
521 470 629 553 οὕτως
660 482 739 541 είσω
771 475 941 560 φοιτῶντα
973 474 1036 541 τοῦ
1069 475 1157 563 ίεροῦ

146 580 259 667 μένειν
287 575 368 660 ὅσας
402 574 445 651 άν
476 574 599 668 ἡμέρας
628 574 646 647 ὁ
675 577 778 667 νόμος
809 577 935 667 κελεύη.
981 577 1157 666 τριάκοντα

146 683 207 773 μὲν
234 682 298 773 γάρ
330 689 368 752 αί
392 681 471 774 παρ’
501 680 582 772 ἡμῖν
614 689 700 754 είσιν
728 687 765 753 έν
789 680 910 772 Ῥώμη,
937 681 1019 772 παρ’
1050 683 1179 765 άλλοιςι

147 790 185 859 δὲ
213 788 328 871 άλλως,
366 787 508 878 εῦλογον
536 782 600 860 οῦν
628 789 720 879 οἶμαι
739 792 852 879 μένειν
880 785 1012 871 ἁπάσας
1040 791 1159 871 ταύτας

146 894 204 976 τὰς
235 892 358 986 ἡμέρας
390 899 427 965 έν
458 911 528 978 τοῖς
560 901 663 987 ἱεροῖς
694 899 964 985 φιλοσοφοῦντα,
998 898 1057 964 καὶ
1084 896 1159 985 μήτε

95 1007 201 1082 οοοείς
238 1008 348 1072 οίκίαν
389 1006 536 1091 βαδίζειν
572 1003 653 1091 μήτε
689 1007 737 1084 είς
777 999 920 1092 άγοράν,
958 998 1044 1072 άλλά
1080 1001 1159 1090 μηδὲ

148 1106 293 1198 άρχοντα
326 1106 414 1198 πλὴν
442 1110 479 1177 έν
509 1123 580 1191 τοῖς
608 1113 710 1198 ἱεροῖς
736 1104 836 1198 δρῦν,
869 1110 1100 1196 ἐπιμελεῖσθαι
1125 1107 1159 1176 δέ

147 1217 206 1302 τῆς
232 1216 308 1304 περὶ
335 1213 371 1284 τύ
400 1226 498 1285 θεῖον
515 1220 697 1305 θεραπείας
724 1211 830 1284 αύτδν
858 1216 1037 1304 ἐφορῶντα
1054 1214 1159 1283 πάντα
1171 1243 1189 1282 ιο

148 1321 203 1388 καὶ
241 1320 472 1408 διατάττοντα,
509 1320 732 1411 πληρώσαντα
768 1321 806 1392 δὲ,
841 1318 900 1400 τάς
931 1316 1058 1409 ἡμέρας
1094 1318 1160 1388 εἶτα

149 1426 248 1516 ἑτέρω
275 1441 489 1516 παραχωρεῖν
515 1430 573 1516 της
604 1432 819 1514 λειτουργίας.
865 1427 919 1495 ἐπὶ
947 1425 985 1494 δέ
1018 1425 1079 1495 τὸν
1107 1423 1158 1493 ἆν-

149 1530 324 1620 θρύπινον
360 1534 549 1626 τρεπομένῳ
586 1539 664 1620 βίον
696 1534 814 1614 ἐξέστω
847 1533 902 1601 καὶ
934 1537 1086 1619 βαδιζειν
1117 1536 1158 1611 είς

151 1642 262 1707 οίκίαν
282 1643 385 1725 φίλου
403 1640 459 1708 καὶ
478 1645 525 1720 είς
548 1641 698 1708 ἑστίασιν
716 1635 868 1707 ἀπαντᾶν
895 1639 1158 1726 παρακληθέντα,

35 1733 36 1738 ¹
110 1743 196 1833 Βμη
223 1743 374 1831 πάντων,
407 1742 489 1814 άλλά
516 1748 584 1814 τῶν
612 1750 805 1832 βελτίστων·
837 1746 874 1813 έν
901 1743 1010 1835 τούτφ
1044 1743 1082 1813 δέ
1108 1743 1188 1811 καίεο

151 1856 198 1931 είς
225 1847 353 1941 ἀγοράν
380 1859 563 1941 παρελθεῖν
590 1847 653 1919 οῦκ
676 1848 803 1921 άτοπον
831 1847 988 1936 ὀλιγάκις,
1017 1846 1158 1938 ἡγεμόνα

150 1983 184 2025 τε
211 1972 403 2047 προσειπεῖν
430 1958 486 2026 καὶ
514 1963 638 2038 ἔθνους
655 1953 811 2046 άρχοντα,
837 1957 893 2025 καὶ
920 1969 991 2035 τοῖς
1019 1952 1160 2042 εὐλόγως

152 2065 323 2151 δεομένοις
351 2061 413 2132 ὅσα
441 2064 607 2151 ἐνδέχεται
639 2065 818 2151 βοηθῆσαι.
863 2063 979 2150 πρέπει
1008 2061 1046 2129 δέ
1074 2059 1160 2148 οἶμαι

152 2183 221 2250 τοῖς
254 2172 399 2259 ίερεῦσιν
426 2175 528 2238 ένδον
554 2171 631 2258 μέν,
664 2166 718 2237 ὅτε
745 2168 1015 2257 λειτουργοῦσιν,
1049 2169 1161 2253 ἐσθῆτι

151 2279 298 2365 χρῆσθαι
334 2275 677 2366 μεγαλοπρεπεστάτῃ,
713 2276 788 2342 νῦν·
819 2275 918 2363 ίερῦν
955 2272 993 2340 δὲ
1025 2273 1088 2353 ἔξω
1125 2272 1192 2359 τηου

152 2381 295 2467 συνήθει
328 2386 404 2468 δίχα
441 2387 669 2462 πολυτελείας·
707 2376 788 2449 οῦδὲ
820 2378 883 2469 γάρ
917 2376 1061 2464 εῦλογον
1097 2392 1164 2456 τοῖς

153 2487 346 2572 δεδομένοις
372 2482 453 2574 ἡμῖν
481 2489 535 2556 ἐπὶ
552 2489 629 2576 τιμῇ
656 2488 750 2555 θεῶν
777 2489 824 2565 είς
842 2485 1040 2564 κενοδοξίαν
1067 2511 1164 2553 κατα-

153 2593 299 2680 χρῆσθαι
332 2593 387 2660 καὶ
419 2592 529 2680 τύφου
566 2593 715 2681 μάταιον.
767 2589 850 2660 ὅθεν
886 2587 1051 2677 ἀφεκτέον
1088 2586 1166 2677 ἡμῖν

115 2700 298 2785 θέσθῦτος
329 2701 605 2789 πολυτελεστέρας
637 2701 674 2766 έν
706 2694 812 2788 ἀγορᾷ
848 2698 904 2765 καὶ
940 2693 1074 2783 κόμπου
1108 2690 1164 2782 [ἦ]

154 2806 210 2873 καὶ
245 2804 353 2892 πάσης
389 2800 501 2886 άπλῦς
541 2801 742 2886 ἀλαζονείας
796 2806 831 2872 οί
864 2805 951 2888 γοῦν
991 2803 1069 2870 θεοὶ
1105 2799 1164 2888 τὴν
1175 2825 1197 2866 υ

154 2911 322 2998 τοσαύτην
341 2907 544 2997 ἀγασθέντες
560 2906 768 2999 Ἀμφιαράου
788 2907 1027 2997 σωφροσύνην,
1056 2902 1165 2991 ἐπειδὴ

154 3020 216 3086 τοῦ
244 3016 488 3107 στρατεύματος
515 3017 646 3084 ἐκείνου
665 3019 887 3083 κατεδίκασαν
906 3011 1046 3103 φθοράν
1074 3011 1168 3091 είδύς

226 3261 350 3319 Ινύκτα
368 3265 404 3333 Η]
423 3258 534 3330 νύκτωρ
615 3253 933 3332 5afH]IV,0m.v
1007 3256 1117 3331 9δροῖν
1136 3259 1168 3326 Η]

157 3338 278 3410 ε’φοράν.
310 3345 346 3394 ef.
365 3344 467 3395 4810·
532 3346 562 3393 12
585 3344 768 3407 παραχωρεῖν
786 3339 823 3407 Η]
842 3338 1071 3406 παραχωροῦντα
1141 3341 1171 3389 14

158 3417 298 3484 φίλουν]
318 3419 412 3484 φίλων
498 3422 530 3471 18
555 3413 655 3486 πρέπει
675 3413 754 3483 Cob.]
774 3412 879 3484 πρέποι
911 3416 915 3482 Ι
949 3410 1023 3468 οἶ...
1046 3417 1071 3465 V
1140 3419 1171 3466 24

157 3487 176 3560 ἢ
194 3495 298 3547 delevit
317 3497 383 3550 coh.
