<?xml version="1.0" encoding="UTF-8"?>
<!DOCTYPE html PUBLIC "-//W3C//DTD XHTML 1.0 Transitional//EN"
    "http://www.w3.org/TR/xhtml1/DTD/xhtml1-transitional.dtd">
<html xmlns="http://www.w3.org/1999/xhtml" xml:lang="en" lang="en">
 <head>
  <title>
</title>
<meta http-equiv="Content-Type" content="text/html;charset=utf-8" />
  <meta name='ocr-system' content='tesseract 3.04.00' />
  <meta name='ocr-capabilities' content='ocr_page ocr_carea ocr_par ocr_line ocrx_word'/>
</head>
<body>
  <div class='ocr_page' id='page_1' title='image "./iulianiimperato01juligoog_0165.png"; bbox 0 0 2446 3870; ppageno 0'>
   <div class='ocr_carea' id='block_1_1' title="bbox 140 138 856 206">
    <p class='ocr_par' dir='ltr' id='par_1_1' title="bbox 140 138 856 206">
     <span class='ocr_line' id='line_1_1' title="bbox 140 138 856 206; baseline -0.021 -2"><span class='ocrx_word' id='word_1_1' title='bbox 140 141 204 206; x_wconf 77' lang='lat'><strong><em>152</em></strong></span> <span class='ocrx_word' id='word_1_2' title='bbox 442 141 586 193; x_wconf 74' lang='grc' dir='ltr'><strong><em>Ιοιιεαι</em></strong></span> <span class='ocrx_word' id='word_1_3' title='bbox 607 138 856 191; x_wconf 72' lang='grc' dir='ltr'><strong><em>ιαουαετοιιιε</em></strong></span> 
     </span>
    </p>
   </div>
   <div class='ocr_carea' id='block_1_2' title="bbox 26 263 1204 3453">
    <p class='ocr_par' dir='ltr' id='par_1_2' title="bbox 26 263 1204 3453">
     <span class='ocr_line' id='line_1_2' title="bbox 141 263 1158 359; baseline 0.001 -23"><span class='ocrx_word' id='word_1_4' title='bbox 141 272 258 359; x_wconf 79' lang='grc' dir='ltr'><strong><em>ἐκείνῳ</em></strong></span> <span class='ocrx_word' id='word_1_5' title='bbox 291 269 346 336; x_wconf 86' lang='grc' dir='ltr'><strong><em>καὶ</em></strong></span> <span class='ocrx_word' id='word_1_6' title='bbox 362 264 498 336; x_wconf 37' lang='grc' dir='ltr'><strong><em>’πιστὸν</em></strong></span> <span class='ocrx_word' id='word_1_7' title='bbox 530 269 685 357; x_wconf 76' lang='grc' dir='ltr'><strong><em>παρέχων</em></strong></span> <span class='ocrx_word' id='word_1_8' title='bbox 717 263 780 334; x_wconf 89' lang='grc' dir='ltr'><strong><em>οῦκ</em></strong></span> <span class='ocrx_word' id='word_1_9' title='bbox 812 263 890 334; x_wconf 85' lang='grc' dir='ltr'><strong><em>οίδα</em></strong></span> <span class='ocrx_word' id='word_1_10' title='bbox 923 268 959 334; x_wconf 84' lang='grc' dir='ltr'><strong><em>ἐκ</em></strong></span> <span class='ocrx_word' id='word_1_11' title='bbox 986 271 1079 348; x_wconf 89' lang='grc' dir='ltr'><strong><em>τίνος</em></strong></span> <span class='ocrx_word' id='word_1_12' title='bbox 1106 273 1158 337; x_wconf 91' lang='grc' dir='ltr'><strong><em>αί-</em></strong></span> 
     </span>
     <span class='ocr_line' id='line_1_3' title="bbox 98 369 1159 464; baseline 0 -21"><span class='ocrx_word' id='word_1_13' title='bbox 98 382 214 456; x_wconf 88' lang='grc' dir='ltr'><strong><em>Βτίας</em></strong></span> <span class='ocrx_word' id='word_1_14' title='bbox 250 375 459 464; x_wconf 85' lang='grc' dir='ltr'><strong><em>τραχυτέρως</em></strong></span> <span class='ocrx_word' id='word_1_15' title='bbox 495 379 629 461; x_wconf 81' lang='grc' dir='ltr'><strong><em>ἔχοντος</em></strong></span> <span class='ocrx_word' id='word_1_16' title='bbox 669 369 827 462; x_wconf 76' lang='grc' dir='ltr'><strong><em>ᾐσθόμην</em></strong></span> <span class='ocrx_word' id='word_1_17' title='bbox 864 377 1011 460; x_wconf 78' lang='grc' dir='ltr'><strong><em>ἔναγχος.</em></strong></span> <span class='ocrx_word' id='word_1_18' title='bbox 1060 369 1081 461; x_wconf 78' lang='grc' dir='ltr'><em>ἡ</em></span> <span class='ocrx_word' id='word_1_19' title='bbox 1121 375 1159 443; x_wconf 80' lang='grc' dir='ltr'><strong><em>δέ</em></strong></span> 
     </span>
     <span class='ocr_line' id='line_1_4' title="bbox 140 475 1160 569; baseline -0.001 -20"><span class='ocrx_word' id='word_1_20' title='bbox 140 479 255 568; x_wconf 82' lang='grc' dir='ltr'><strong><em>ἐπειδὴ</em></strong></span> <span class='ocrx_word' id='word_1_21' title='bbox 284 479 321 549; x_wconf 87' lang='grc' dir='ltr'><strong><em>τὸ</em></strong></span> <span class='ocrx_word' id='word_1_22' title='bbox 355 483 490 569; x_wconf 76' lang='grc' dir='ltr'><strong><em>πρῶτον</em></strong></span> <span class='ocrx_word' id='word_1_23' title='bbox 522 478 667 567; x_wconf 80' lang='grc' dir='ltr'><strong><em>ἤκουσεν</em></strong></span> <span class='ocrx_word' id='word_1_24' title='bbox 695 475 898 567; x_wconf 73' lang='grc' dir='ltr'><strong><em>ἀδικήματος</em></strong></span> <span class='ocrx_word' id='word_1_25' title='bbox 922 477 987 566; x_wconf 72' lang='grc' dir='ltr'><strong><em>’μὲν</em></strong></span> <span class='ocrx_word' id='word_1_26' title='bbox 1015 475 1160 562; x_wconf 88' lang='grc' dir='ltr'><strong><em>οῦδευδς</em></strong></span> 
     </span>
     <span class='ocr_line' id='line_1_5' title="bbox 26 580 1159 676; baseline -0.002 -19"><span class='ocrx_word' id='word_1_27' title='bbox 26 624 29 629; x_wconf 92' lang='grc'><strong><em>·</em></strong></span> <span class='ocrx_word' id='word_1_28' title='bbox 55 653 59 658; x_wconf 79' lang='grc'><strong>,</strong></span> <span class='ocrx_word' id='word_1_29' title='bbox 140 584 264 676; x_wconf 87' lang='grc' dir='ltr'><strong><em>όυομα,</em></strong></span> <span class='ocrx_word' id='word_1_30' title='bbox 292 592 432 674; x_wconf 80' lang='grc' dir='ltr'><em>ματαίας</em></span> <span class='ocrx_word' id='word_1_31' title='bbox 460 584 498 655; x_wconf 75' lang='grc' dir='ltr'><strong><em>δὲ</em></strong></span> <span class='ocrx_word' id='word_1_32' title='bbox 525 582 632 666; x_wconf 80' lang='grc' dir='ltr'><strong><em>ἀλλοις</em></strong></span> <span class='ocrx_word' id='word_1_33' title='bbox 659 580 821 669; x_wconf 80' lang='grc' dir='ltr'><em>ὑποψίας,</em></span> <span class='ocrx_word' id='word_1_34' title='bbox 849 581 948 672; x_wconf 79' lang='grc' dir='ltr'><strong><em>ἠξίου</em></strong></span> <span class='ocrx_word' id='word_1_35' title='bbox 975 586 1159 673; x_wconf 78' lang='grc' dir='ltr'><strong><em>διελέγχειν</em></strong></span> 
     </span>
     <span class='ocr_line' id='line_1_6' title="bbox 104 690 1190 782; baseline -0.001 -20"><span class='ocrx_word' id='word_1_36' title='bbox 104 775 107 780; x_wconf 20' lang='lat'><strong>¹</strong></span> <span class='ocrx_word' id='word_1_37' title='bbox 138 696 194 762; x_wconf 83' lang='grc' dir='ltr'><strong><em>καλ</em></strong></span> <span class='ocrx_word' id='word_1_38' title='bbox 223 691 267 782; x_wconf 80' lang='grc' dir='ltr'><strong><em>μὴ</em></strong></span> <span class='ocrx_word' id='word_1_39' title='bbox 296 692 460 782; x_wconf 88' lang='grc' dir='ltr'><strong><em>πρότερον</em></strong></span> <span class='ocrx_word' id='word_1_40' title='bbox 487 693 676 781; x_wconf 75' lang='grc' dir='ltr'><em>προσέσθαι</em></span> <span class='ocrx_word' id='word_1_41' title='bbox 707 690 792 778; x_wconf 73' lang='grc' dir='ltr'><strong><em>μηδὲ</em></strong></span> <span class='ocrx_word' id='word_1_42' title='bbox 820 692 1019 771; x_wconf 75' lang='grc' dir='ltr'><em>ἐνδέξασθαι</em></span> <span class='ocrx_word' id='word_1_43' title='bbox 1047 695 1190 781; x_wconf 73' lang='grc' dir='ltr'><strong><em>ψευδῆτ</em></strong></span> 
     </span>
     <span class='ocr_line' id='line_1_7' title="bbox 137 793 1156 886; baseline -0.001 -18"><span class='ocrx_word' id='word_1_44' title='bbox 137 801 202 868; x_wconf 74' lang='grc' dir='ltr'><strong><em>καί</em></strong></span> <span class='ocrx_word' id='word_1_45' title='bbox 223 797 343 868; x_wconf 83' lang='grc' dir='ltr'><strong><em>ἀδικον</em></strong></span> <span class='ocrx_word' id='word_1_46' title='bbox 371 797 544 886; x_wconf 83' lang='grc' dir='ltr'><strong><em>διαβολήν,</em></strong></span> <span class='ocrx_word' id='word_1_47' title='bbox 572 799 627 867; x_wconf 80' lang='grc' dir='ltr'><strong><em>καὶ</em></strong></span> <span class='ocrx_word' id='word_1_48' title='bbox 655 794 719 866; x_wconf 90' lang='grc' dir='ltr'><strong><em>οῦκ</em></strong></span> <span class='ocrx_word' id='word_1_49' title='bbox 751 793 854 884; x_wconf 81' lang='grc' dir='ltr'><strong><em>ἀνῆκε</em></strong></span> <span class='ocrx_word' id='word_1_50' title='bbox 880 798 985 865; x_wconf 90' lang='grc' dir='ltr'><strong><em>ταῦτα</em></strong></span> <span class='ocrx_word' id='word_1_51' title='bbox 1013 800 1156 886; x_wconf 80' lang='grc' dir='ltr'><strong><em>δεομένη</em></strong></span> 
     </span>
     <span class='ocr_line' id='line_1_8' title="bbox 138 900 1158 995; baseline -0.001 -21"><span class='ocrx_word' id='word_1_52' title='bbox 138 907 219 995; x_wconf 80' lang='grc' dir='ltr'><strong><em>πρὶν</em></strong></span> <span class='ocrx_word' id='word_1_53' title='bbox 247 905 303 994; x_wconf 72' lang='grc' dir='ltr'><strong><em>ἐμὲ</em></strong></span> <span class='ocrx_word' id='word_1_54' title='bbox 334 902 459 992; x_wconf 73' lang='grc' dir='ltr'><strong><em>ἤγαγεν</em></strong></span> <span class='ocrx_word' id='word_1_55' title='bbox 492 907 525 986; x_wconf 92' lang='grc' dir='ltr'><strong><em>ἐς</em></strong></span> <span class='ocrx_word' id='word_1_56' title='bbox 557 902 637 985; x_wconf 78' lang='grc' dir='ltr'><strong><em>όψιν</em></strong></span> <span class='ocrx_word' id='word_1_57' title='bbox 669 900 731 992; x_wconf 76' lang='grc' dir='ltr'><strong><em>τὴν</em></strong></span> <span class='ocrx_word' id='word_1_58' title='bbox 763 905 925 990; x_wconf 83' lang='grc' dir='ltr'><strong><em>βασιλέως</em></strong></span> <span class='ocrx_word' id='word_1_59' title='bbox 955 904 1011 971; x_wconf 80' lang='grc' dir='ltr'><strong><em>καὶ</em></strong></span> <span class='ocrx_word' id='word_1_60' title='bbox 1043 920 1158 991; x_wconf 82' lang='grc' dir='ltr'><strong><em>τυχεῖν</em></strong></span> 
     </span>
     <span class='ocr_line' id='line_1_9' title="bbox 139 1006 1157 1102; baseline 0 -23"><span class='ocrx_word' id='word_1_61' title='bbox 139 1014 275 1099; x_wconf 85' lang='grc' dir='ltr'><strong><em>ἐποίησε</em></strong></span> <span class='ocrx_word' id='word_1_62' title='bbox 302 1011 419 1097; x_wconf 88' lang='grc' dir='ltr'><strong><em>λόγου·</em></strong></span> <span class='ocrx_word' id='word_1_63' title='bbox 447 1012 503 1080; x_wconf 85' lang='grc' dir='ltr'><strong><em>καὶ</em></strong></span> <span class='ocrx_word' id='word_1_64' title='bbox 523 1008 740 1102; x_wconf 78' lang='grc' dir='ltr'><strong><em>ἀπολουμένῳ</em></strong></span> <span class='ocrx_word' id='word_1_65' title='bbox 760 1011 872 1078; x_wconf 84' lang='grc' dir='ltr'><strong><em>πᾶσαν</em></strong></span> <span class='ocrx_word' id='word_1_66' title='bbox 896 1013 1008 1077; x_wconf 87' lang='grc' dir='ltr'><strong><em>αίτίαν</em></strong></span> <span class='ocrx_word' id='word_1_67' title='bbox 1036 1006 1157 1079; x_wconf 87' lang='grc' dir='ltr'><strong><em>ἀδικον</em></strong></span> 
     </span>
     <span class='ocr_line' id='line_1_10' title="bbox 140 1111 1156 1206; baseline 0 -21"><span class='ocrx_word' id='word_1_68' title='bbox 140 1118 308 1206; x_wconf 85' lang='grc' dir='ltr'><strong><em>συνήσθη,</em></strong></span> <span class='ocrx_word' id='word_1_69' title='bbox 337 1119 392 1186; x_wconf 81' lang='grc' dir='ltr'><strong><em>καὶ</em></strong></span> <span class='ocrx_word' id='word_1_70' title='bbox 412 1121 526 1186; x_wconf 88' lang='grc' dir='ltr'><strong><em>οίκαδε</em></strong></span> <span class='ocrx_word' id='word_1_71' title='bbox 545 1118 768 1204; x_wconf 75' lang='grc' dir='ltr'><strong><em>ἐπιθυμοῦντι</em></strong></span> <span class='ocrx_word' id='word_1_72' title='bbox 795 1116 895 1188; x_wconf 74' lang='grc' dir='ltr'><strong><em>πάλιν</em></strong></span> <span class='ocrx_word' id='word_1_73' title='bbox 914 1111 1047 1183; x_wconf 78' lang='grc' dir='ltr'><strong><em>ἀπιέναι</em></strong></span> <span class='ocrx_word' id='word_1_74' title='bbox 1070 1142 1156 1205; x_wconf 90' lang='grc' dir='ltr'><strong><em>πομ-</em></strong></span> 
     </span>
     <span class='ocr_line' id='line_1_11' title="bbox 100 1214 1204 1313; baseline -0.002 -21"><span class='ocrx_word' id='word_1_75' title='bbox 100 1221 209 1313; x_wconf 78' lang='grc' dir='ltr'><strong><em>Οπην</em></strong></span> <span class='ocrx_word' id='word_1_76' title='bbox 237 1221 371 1312; x_wconf 78' lang='grc' dir='ltr'><em>ἀσφαλῆ</em></span> <span class='ocrx_word' id='word_1_77' title='bbox 389 1223 564 1312; x_wconf 85' lang='grc' dir='ltr'><strong><em>παρέσχεν,</em></strong></span> <span class='ocrx_word' id='word_1_78' title='bbox 592 1224 763 1312; x_wconf 77' lang='grc' dir='ltr'><strong><em>ἐπιτρέψαι</em></strong></span> <span class='ocrx_word' id='word_1_79' title='bbox 781 1224 915 1312; x_wconf 79' lang='grc' dir='ltr'><strong><em>πρῶτον</em></strong></span> <span class='ocrx_word' id='word_1_80' title='bbox 937 1214 998 1290; x_wconf 85' lang='grc' dir='ltr'><strong><em>τὸν</em></strong></span> <span class='ocrx_word' id='word_1_81' title='bbox 1017 1225 1157 1309; x_wconf 77' lang='grc' dir='ltr'><em>βασιλέα</em></span> <span class='ocrx_word' id='word_1_82' title='bbox 1174 1251 1204 1290; x_wconf 76' lang='grc' dir='ltr'><strong><em>ιο</em></strong></span> 
     </span>
     <span class='ocr_line' id='line_1_12' title="bbox 140 1318 1159 1422; baseline 0 -24"><span class='ocrx_word' id='word_1_83' title='bbox 140 1330 356 1416; x_wconf 84' lang='grc' dir='ltr'><strong><em>ξυμπείσασα.</em></strong></span> <span class='ocrx_word' id='word_1_84' title='bbox 403 1332 564 1415; x_wconf 88' lang='grc' dir='ltr'><strong><em>δαίμονος</em></strong></span> <span class='ocrx_word' id='word_1_85' title='bbox 596 1330 649 1414; x_wconf 86' lang='grc' dir='ltr'><strong><em>δέ,</em></strong></span> <span class='ocrx_word' id='word_1_86' title='bbox 682 1324 785 1417; x_wconf 78' lang='grc' dir='ltr'><strong><em>ὅσπερ</em></strong></span> <span class='ocrx_word' id='word_1_87' title='bbox 814 1318 878 1398; x_wconf 89' lang='grc' dir='ltr'><strong><em>οῦν</em></strong></span> <span class='ocrx_word' id='word_1_88' title='bbox 910 1325 1005 1422; x_wconf 73' lang='grc' dir='ltr'><strong><em>ἐῴκει</em></strong></span> <span class='ocrx_word' id='word_1_89' title='bbox 1031 1355 1089 1416; x_wconf 87' lang='grc' dir='ltr'><strong><em>μοι</em></strong></span> <span class='ocrx_word' id='word_1_90' title='bbox 1116 1328 1159 1398; x_wconf 82' lang='grc' dir='ltr'><strong><em>τὰ</em></strong></span> 
     </span>
     <span class='ocr_line' id='line_1_13' title="bbox 138 1429 1158 1523; baseline 0.001 -20"><span class='ocrx_word' id='word_1_91' title='bbox 138 1433 291 1523; x_wconf 89' lang='grc' dir='ltr'><strong><em>πρόσθεν</em></strong></span> <span class='ocrx_word' id='word_1_92' title='bbox 319 1434 588 1521; x_wconf 87' lang='grc' dir='ltr'><strong><em>μηχανήσασθαι,</em></strong></span> <span class='ocrx_word' id='word_1_93' title='bbox 616 1431 747 1522; x_wconf 80' lang='grc' dir='ltr'><strong><em>ἤτινος</em></strong></span> <span class='ocrx_word' id='word_1_94' title='bbox 766 1436 944 1521; x_wconf 81' lang='grc' dir='ltr'><strong><em>ξυντυχίας</em></strong></span> <span class='ocrx_word' id='word_1_95' title='bbox 971 1429 1158 1504; x_wconf 77' lang='grc' dir='ltr'><strong><em>ἀλλοκότου</em></strong></span> 
     </span>
     <span class='ocr_line' id='line_1_14' title="bbox 137 1535 1159 1629; baseline 0.003 -22"><span class='ocrx_word' id='word_1_96' title='bbox 137 1538 200 1627; x_wconf 79' lang='grc' dir='ltr'><strong><em>την</em></strong></span> <span class='ocrx_word' id='word_1_97' title='bbox 228 1535 311 1610; x_wconf 86' lang='grc' dir='ltr'><strong><em>ὁδὸν</em></strong></span> <span class='ocrx_word' id='word_1_98' title='bbox 342 1539 469 1628; x_wconf 81' lang='grc' dir='ltr'><strong><em>ταύτην</em></strong></span> <span class='ocrx_word' id='word_1_99' title='bbox 501 1535 765 1629; x_wconf 85' lang='grc' dir='ltr'><strong><em>ῦποτεμομένης,</em></strong></span> <span class='ocrx_word' id='word_1_100' title='bbox 798 1539 1009 1629; x_wconf 78' lang='grc' dir='ltr'><strong><em>ἐποψόμενον</em></strong></span> <span class='ocrx_word' id='word_1_101' title='bbox 1036 1542 1159 1628; x_wconf 82' lang='grc' dir='ltr'><strong><em>πέμπει</em></strong></span> 
     </span>
     <span class='ocr_line' id='line_1_15' title="bbox 137 1642 1157 1737; baseline 0.002 -23"><span class='ocrx_word' id='word_1_102' title='bbox 137 1643 200 1734; x_wconf 83' lang='grc' dir='ltr'><strong><em>τὴν</em></strong></span> <span class='ocrx_word' id='word_1_103' title='bbox 224 1642 379 1733; x_wconf 85' lang='grc' dir='ltr'><strong><em>Ἑλλάδα,</em></strong></span> <span class='ocrx_word' id='word_1_104' title='bbox 411 1646 538 1733; x_wconf 85' lang='grc' dir='ltr'><strong><em>ταύτην</em></strong></span> <span class='ocrx_word' id='word_1_105' title='bbox 569 1646 733 1735; x_wconf 80' lang='grc' dir='ltr'><em>αἰτήσασα</em></span> <span class='ocrx_word' id='word_1_106' title='bbox 764 1645 854 1736; x_wconf 82' lang='grc' dir='ltr'><strong><em>παρὰ</em></strong></span> <span class='ocrx_word' id='word_1_107' title='bbox 882 1648 1043 1734; x_wconf 86' lang='grc' dir='ltr'><strong><em>βασιλέως</em></strong></span> <span class='ocrx_word' id='word_1_108' title='bbox 1071 1642 1157 1737; x_wconf 73' lang='grc' dir='ltr'><strong><em>ῦπὲρ</em></strong></span> 
     </span>
     <span class='ocr_line' id='line_1_16' title="bbox 137 1749 1203 1842; baseline 0 -20"><span class='ocrx_word' id='word_1_109' title='bbox 137 1755 221 1841; x_wconf 87' lang='grc' dir='ltr'><strong><em>ἐμοῦ</em></strong></span> <span class='ocrx_word' id='word_1_110' title='bbox 252 1754 309 1822; x_wconf 82' lang='grc' dir='ltr'><strong><em>καὶ</em></strong></span> <span class='ocrx_word' id='word_1_111' title='bbox 331 1749 596 1842; x_wconf 75' lang='grc' dir='ltr'><strong><em>ἀποδημοῦντος</em></strong></span> <span class='ocrx_word' id='word_1_112' title='bbox 628 1750 692 1841; x_wconf 81' lang='grc' dir='ltr'><strong><em>ἤδη</em></strong></span> <span class='ocrx_word' id='word_1_113' title='bbox 724 1751 787 1840; x_wconf 84' lang='grc' dir='ltr'><strong><em>τὴν</em></strong></span> <span class='ocrx_word' id='word_1_114' title='bbox 818 1752 931 1841; x_wconf 87' lang='grc' dir='ltr'><strong><em>χάριν,</em></strong></span> <span class='ocrx_word' id='word_1_115' title='bbox 968 1752 1082 1840; x_wconf 81' lang='grc' dir='ltr'><strong><em>ἐπειδή</em></strong></span> <span class='ocrx_word' id='word_1_116' title='bbox 1116 1781 1157 1841; x_wconf 89' lang='grc' dir='ltr'><strong><em>με</em></strong></span> <span class='ocrx_word' id='word_1_117' title='bbox 1174 1781 1203 1822; x_wconf 78' lang='lat'><strong><em>15</em></strong></span> 
     </span>
     <span class='ocr_line' id='line_1_17' title="bbox 137 1857 1157 1950; baseline -0.001 -21"><span class='ocrx_word' id='word_1_118' title='bbox 137 1860 250 1946; x_wconf 89' lang='grc' dir='ltr'><strong><em>λόγοις</em></strong></span> <span class='ocrx_word' id='word_1_119' title='bbox 277 1862 439 1929; x_wconf 83' lang='grc' dir='ltr'><strong><em>ἐπέπυστο</em></strong></span> <span class='ocrx_word' id='word_1_120' title='bbox 467 1865 594 1950; x_wconf 83' lang='grc' dir='ltr'><strong><em>χαίρειν</em></strong></span> <span class='ocrx_word' id='word_1_121' title='bbox 621 1860 678 1929; x_wconf 79' lang='grc' dir='ltr'><strong><em>καί</em></strong></span> <span class='ocrx_word' id='word_1_122' title='bbox 704 1864 839 1949; x_wconf 79' lang='grc' dir='ltr'><strong><em>παιδεία</em></strong></span> <span class='ocrx_word' id='word_1_123' title='bbox 866 1857 904 1927; x_wconf 88' lang='grc' dir='ltr'><strong><em>τὸ</em></strong></span> <span class='ocrx_word' id='word_1_124' title='bbox 932 1864 1057 1947; x_wconf 85' lang='grc' dir='ltr'><strong><em>χωρίον</em></strong></span> <span class='ocrx_word' id='word_1_125' title='bbox 1084 1861 1157 1928; x_wconf 88' lang='grc' dir='ltr'><strong><em>ἐπι-</em></strong></span> 
     </span>
     <span class='ocr_line' id='line_1_18' title="bbox 137 1961 1157 2054; baseline 0.001 -21"><span class='ocrx_word' id='word_1_126' title='bbox 137 1965 274 2053; x_wconf 80' lang='grc' dir='ltr'><strong><em>τήδειον</em></strong></span> <span class='ocrx_word' id='word_1_127' title='bbox 302 1965 389 2035; x_wconf 79' lang='grc' dir='ltr'><strong><em>εἶναι</em></strong></span> <span class='ocrx_word' id='word_1_128' title='bbox 418 1968 619 2047; x_wconf 89' lang='grc' dir='ltr'><strong><em>ξυννοοῦσα.</em></strong></span> <span class='ocrx_word' id='word_1_129' title='bbox 664 1963 728 2051; x_wconf 78' lang='grc' dir='ltr'><strong><em>ἐγὼ</em></strong></span> <span class='ocrx_word' id='word_1_130' title='bbox 758 1964 795 2035; x_wconf 73' lang='grc' dir='ltr'><strong><em>δὲ</em></strong></span> <span class='ocrx_word' id='word_1_131' title='bbox 813 1964 887 2033; x_wconf 89' lang='grc' dir='ltr'><strong><em>τότε</em></strong></span> <span class='ocrx_word' id='word_1_132' title='bbox 904 1963 966 2052; x_wconf 76' lang='grc' dir='ltr'><strong><em>μὲν</em></strong></span> <span class='ocrx_word' id='word_1_133' title='bbox 994 1961 1078 2054; x_wconf 75' lang='grc' dir='ltr'><strong><em>αὐτῇ</em></strong></span> <span class='ocrx_word' id='word_1_134' title='bbox 1097 1968 1157 2034; x_wconf 78' lang='grc' dir='ltr'><strong><em>καί</em></strong></span> 
     </span>
     <span class='ocr_line' id='line_1_19' title="bbox 92 2066 1177 2165; baseline 0.001 -26"><span class='ocrx_word' id='word_1_135' title='bbox 92 2084 119 2138; x_wconf 85' lang='grc'><strong><em>1)</em></strong></span> <span class='ocrx_word' id='word_1_136' title='bbox 137 2072 271 2165; x_wconf 57' lang='grc' dir='ltr'><strong><em>πριότμ7</em></strong></span> <span class='ocrx_word' id='word_1_137' title='bbox 286 2101 338 2160; x_wconf 85' lang='grc' dir='ltr'><strong><em>γε,</em></strong></span> <span class='ocrx_word' id='word_1_138' title='bbox 371 2069 415 2154; x_wconf 79' lang='grc' dir='ltr'><strong><em>ῦς</em></strong></span> <span class='ocrx_word' id='word_1_139' title='bbox 443 2072 546 2159; x_wconf 83' lang='grc' dir='ltr'><strong><em>εἰκός,</em></strong></span> <span class='ocrx_word' id='word_1_140' title='bbox 578 2080 711 2160; x_wconf 78' lang='grc' dir='ltr'><strong><em>βασιλεῖ</em></strong></span> <span class='ocrx_word' id='word_1_141' title='bbox 735 2069 841 2140; x_wconf 77' lang='grc' dir='ltr'><strong><em>πολλὰ</em></strong></span> <span class='ocrx_word' id='word_1_142' title='bbox 872 2072 928 2140; x_wconf 80' lang='grc' dir='ltr'><strong><em>καί</em></strong></span> <span class='ocrx_word' id='word_1_143' title='bbox 960 2066 1075 2157; x_wconf 82' lang='grc' dir='ltr'><strong><em>ἀγαθὰ</em></strong></span> <span class='ocrx_word' id='word_1_144' title='bbox 1105 2077 1177 2164; x_wconf 76' lang='grc' dir='ltr'><strong><em>δι-ι</em></strong></span> 
     </span>
     <span class='ocr_line' id='line_1_20' title="bbox 137 2174 1155 2267; baseline 0 -21"><span class='ocrx_word' id='word_1_145' title='bbox 137 2179 236 2248; x_wconf 91' lang='grc' dir='ltr'><strong><em>δόναι</em></strong></span> <span class='ocrx_word' id='word_1_146' title='bbox 272 2175 333 2248; x_wconf 89' lang='grc' dir='ltr'><strong><em>τόν</em></strong></span> <span class='ocrx_word' id='word_1_147' title='bbox 373 2178 459 2248; x_wconf 88' lang='grc' dir='ltr'><strong><em>θεὸν</em></strong></span> <span class='ocrx_word' id='word_1_148' title='bbox 498 2176 666 2267; x_wconf 81' lang='grc' dir='ltr'><strong><em>ηὐχόμην,</em></strong></span> <span class='ocrx_word' id='word_1_149' title='bbox 708 2175 758 2246; x_wconf 82' lang='grc' dir='ltr'><strong><em>ὅτι</em></strong></span> <span class='ocrx_word' id='word_1_150' title='bbox 794 2205 851 2264; x_wconf 89' lang='grc' dir='ltr'><strong><em>μοι</em></strong></span> <span class='ocrx_word' id='word_1_151' title='bbox 887 2174 949 2264; x_wconf 81' lang='grc' dir='ltr'><strong><em>την</em></strong></span> <span class='ocrx_word' id='word_1_152' title='bbox 985 2175 1155 2266; x_wconf 80' lang='grc' dir='ltr'><strong><em>ἀληθινὴν</em></strong></span> 
     </span>
     <span class='ocr_line' id='line_1_21' title="bbox 79 2274 1201 2372; baseline 0 -20"><span class='ocrx_word' id='word_1_153' title='bbox 79 2274 86 2287; x_wconf 70' lang='grc'>’</span> <span class='ocrx_word' id='word_1_154' title='bbox 136 2288 303 2352; x_wconf 87' lang='grc' dir='ltr'><strong><em>ποθοῦντι</em></strong></span> <span class='ocrx_word' id='word_1_155' title='bbox 343 2285 399 2352; x_wconf 87' lang='grc' dir='ltr'><strong><em>καὶ</em></strong></span> <span class='ocrx_word' id='word_1_156' title='bbox 441 2280 612 2370; x_wconf 77' lang='grc' dir='ltr'><strong><em>ἀγαπῶντι</em></strong></span> <span class='ocrx_word' id='word_1_157' title='bbox 652 2289 797 2372; x_wconf 89' lang='grc' dir='ltr'><strong><em>πατρίδα</em></strong></span> <span class='ocrx_word' id='word_1_158' title='bbox 838 2285 1007 2372; x_wconf 88' lang='grc' dir='ltr'><strong><em>παρέσχον</em></strong></span> <span class='ocrx_word' id='word_1_159' title='bbox 1049 2289 1154 2352; x_wconf 83' lang='grc' dir='ltr'><strong><em>ίδεῖν·</em></strong></span> <span class='ocrx_word' id='word_1_160' title='bbox 1170 2312 1201 2352; x_wconf 83' lang='grc' dir='ltr'><strong><em>εο</em></strong></span> 
     </span>
     <span class='ocr_line' id='line_1_22' title="bbox 137 2383 1155 2480; baseline 0.003 -23"><span class='ocrx_word' id='word_1_161' title='bbox 137 2388 236 2475; x_wconf 74' lang='grc' dir='ltr'><strong><em>ἐσμὲν</em></strong></span> <span class='ocrx_word' id='word_1_162' title='bbox 264 2386 328 2476; x_wconf 79' lang='grc' dir='ltr'><strong><em>γὰρ</em></strong></span> <span class='ocrx_word' id='word_1_163' title='bbox 346 2391 405 2474; x_wconf 74' lang='grc' dir='ltr'><strong><em>τῆς</em></strong></span> <span class='ocrx_word' id='word_1_164' title='bbox 429 2383 586 2469; x_wconf 79' lang='grc' dir='ltr'><strong><em>Ἑλλάδος</em></strong></span> <span class='ocrx_word' id='word_1_165' title='bbox 605 2392 640 2456; x_wconf 80' lang='grc' dir='ltr'><strong><em>οἱ</em></strong></span> <span class='ocrx_word' id='word_1_166' title='bbox 664 2390 739 2478; x_wconf 83' lang='grc' dir='ltr'><strong><em>περὶ</em></strong></span> <span class='ocrx_word' id='word_1_167' title='bbox 762 2387 824 2477; x_wconf 79' lang='grc' dir='ltr'><strong><em>τὴν</em></strong></span> <span class='ocrx_word' id='word_1_168' title='bbox 844 2388 983 2480; x_wconf 79' lang='grc' dir='ltr'><strong><em>Θρᾴκην</em></strong></span> <span class='ocrx_word' id='word_1_169' title='bbox 1007 2392 1064 2457; x_wconf 82' lang='grc' dir='ltr'><strong><em>καὶ</em></strong></span> <span class='ocrx_word' id='word_1_170' title='bbox 1091 2389 1155 2478; x_wconf 77' lang='grc' dir='ltr'><strong><em>τὴν</em></strong></span> 
     </span>
     <span class='ocr_line' id='line_1_23' title="bbox 43 2491 1154 2585; baseline 0.002 -22"><span class='ocrx_word' id='word_1_171' title='bbox 43 2575 49 2585; x_wconf 40' lang='grc'>,</span> <span class='ocrx_word' id='word_1_172' title='bbox 133 2491 265 2563; x_wconf 83' lang='grc' dir='ltr'><strong><em>Ἰωνίαν</em></strong></span> <span class='ocrx_word' id='word_1_173' title='bbox 293 2496 465 2575; x_wconf 81' lang='grc' dir='ltr'><strong><em>οἰκοῦντες</em></strong></span> <span class='ocrx_word' id='word_1_174' title='bbox 493 2499 642 2581; x_wconf 81' lang='grc' dir='ltr'><strong><em>ἔγγονοι,</em></strong></span> <span class='ocrx_word' id='word_1_175' title='bbox 675 2496 731 2563; x_wconf 81' lang='grc' dir='ltr'><strong><em>καί</em></strong></span> <span class='ocrx_word' id='word_1_176' title='bbox 760 2492 852 2576; x_wconf 83' lang='grc' dir='ltr'><strong><em>ὅστις</em></strong></span> <span class='ocrx_word' id='word_1_177' title='bbox 878 2491 974 2583; x_wconf 76' lang='grc' dir='ltr'><strong><em>ἡμῶν</em></strong></span> <span class='ocrx_word' id='word_1_178' title='bbox 1002 2493 1046 2584; x_wconf 82' lang='grc' dir='ltr'><strong><em>μὴ</em></strong></span> <span class='ocrx_word' id='word_1_179' title='bbox 1076 2503 1154 2565; x_wconf 88' lang='grc' dir='ltr'><strong><em>λίαν</em></strong></span> 
     </span>
     <span class='ocr_line' id='line_1_24' title="bbox 136 2597 1155 2691; baseline 0.004 -24"><span class='ocrx_word' id='word_1_180' title='bbox 136 2597 318 2688; x_wconf 80' lang='grc' dir='ltr'><strong><em>ἀγνώμων,</em></strong></span> <span class='ocrx_word' id='word_1_181' title='bbox 351 2611 455 2669; x_wconf 76' lang='grc' dir='ltr'><strong><em>ποθεῖ</em></strong></span> <span class='ocrx_word' id='word_1_182' title='bbox 484 2616 676 2691; x_wconf 79' lang='grc' dir='ltr'><strong><em>προσειπεῖν</em></strong></span> <span class='ocrx_word' id='word_1_183' title='bbox 711 2599 792 2682; x_wconf 84' lang='grc' dir='ltr'><strong><em>τοῦς</em></strong></span> <span class='ocrx_word' id='word_1_184' title='bbox 823 2604 966 2691; x_wconf 90' lang='grc' dir='ltr'><strong><em>πατέρας</em></strong></span> <span class='ocrx_word' id='word_1_185' title='bbox 1002 2603 1059 2669; x_wconf 80' lang='grc' dir='ltr'><strong><em>καὶ</em></strong></span> <span class='ocrx_word' id='word_1_186' title='bbox 1090 2600 1155 2691; x_wconf 76' lang='grc' dir='ltr'><strong><em>τὴν</em></strong></span> 
     </span>
     <span class='ocr_line' id='line_1_25' title="bbox 135 2702 1154 2797; baseline 0.004 -24"><span class='ocrx_word' id='word_1_187' title='bbox 135 2704 250 2795; x_wconf 79' lang='grc' dir='ltr'><strong><em>χώραν</em></strong></span> <span class='ocrx_word' id='word_1_188' title='bbox 278 2702 385 2794; x_wconf 77' lang='grc' dir='ltr'><strong><em>αὐτὴν</em></strong></span> <span class='ocrx_word' id='word_1_189' title='bbox 413 2704 637 2776; x_wconf 81' lang='grc' dir='ltr'><strong><em>ἀσπάσασθαι</em></strong></span> <span class='ocrx_word' id='word_1_190' title='bbox 685 2704 703 2776; x_wconf 84' lang='grc' dir='ltr'><strong><em>δ</em></strong></span> <span class='ocrx_word' id='word_1_191' title='bbox 732 2706 774 2795; x_wconf 86' lang='grc' dir='ltr'><strong><em>δὴ</em></strong></span> <span class='ocrx_word' id='word_1_192' title='bbox 794 2708 849 2777; x_wconf 79' lang='grc' dir='ltr'><strong><em>καὶ</em></strong></span> <span class='ocrx_word' id='word_1_193' title='bbox 869 2708 942 2796; x_wconf 82' lang='grc' dir='ltr'><strong><em>ἐμοὶ</em></strong></span> <span class='ocrx_word' id='word_1_194' title='bbox 969 2707 1073 2776; x_wconf 88' lang='grc' dir='ltr'><strong><em>πάλαι</em></strong></span> <span class='ocrx_word' id='word_1_195' title='bbox 1091 2709 1154 2797; x_wconf 69' lang='grc' dir='ltr'><strong><em>μὲν</em></strong></span> 
     </span>
     <span class='ocr_line' id='line_1_26' title="bbox 136 2803 1198 2909; baseline 0.002 -29"><span class='ocrx_word' id='word_1_196' title='bbox 136 2803 189 2900; x_wconf 82' lang='grc' dir='ltr'><strong><em>ἦν,</em></strong></span> <span class='ocrx_word' id='word_1_197' title='bbox 219 2807 263 2893; x_wconf 82' lang='grc' dir='ltr'><strong><em>ῦς</em></strong></span> <span class='ocrx_word' id='word_1_198' title='bbox 291 2813 389 2899; x_wconf 89' lang='grc' dir='ltr'><strong><em>είκός,</em></strong></span> <span class='ocrx_word' id='word_1_199' title='bbox 417 2814 592 2900; x_wconf 88' lang='grc' dir='ltr'><strong><em>ποθεινόν,</em></strong></span> <span class='ocrx_word' id='word_1_200' title='bbox 620 2815 676 2883; x_wconf 84' lang='grc' dir='ltr'><strong><em>καὶ</em></strong></span> <span class='ocrx_word' id='word_1_201' title='bbox 694 2809 837 2909; x_wconf 81' lang='grc' dir='ltr'><strong><em>ῦπάρξαι</em></strong></span> <span class='ocrx_word' id='word_1_202' title='bbox 856 2841 913 2901; x_wconf 92' lang='grc' dir='ltr'><strong><em>μοι</em></strong></span> <span class='ocrx_word' id='word_1_203' title='bbox 934 2817 1034 2882; x_wconf 90' lang='grc' dir='ltr'><strong><em>τοῦτο</em></strong></span> <span class='ocrx_word' id='word_1_204' title='bbox 1054 2817 1153 2902; x_wconf 88' lang='grc' dir='ltr'><strong><em>ἐβου-</em></strong></span> <span class='ocrx_word' id='word_1_205' title='bbox 1169 2842 1198 2883; x_wconf 78' lang='grc' dir='ltr'><strong><em>οε</em></strong></span> 
     </span>
     <span class='ocr_line' id='line_1_27' title="bbox 82 2915 1154 3010; baseline 0.003 -23"><span class='ocrx_word' id='word_1_206' title='bbox 82 2919 249 3007; x_wconf 83' lang='grc' dir='ltr'><strong><em>119λόμηυ</em></strong></span> <span class='ocrx_word' id='word_1_207' title='bbox 276 2922 402 3006; x_wconf 80' lang='grc' dir='ltr'><strong><em>μᾶλλον</em></strong></span> <span class='ocrx_word' id='word_1_208' title='bbox 433 2915 453 3008; x_wconf 76' lang='grc' dir='ltr'><em>ἢ</em></span> <span class='ocrx_word' id='word_1_209' title='bbox 486 2918 573 2989; x_wconf 82' lang='grc' dir='ltr'><strong><em>πολὺ</em></strong></span> <span class='ocrx_word' id='word_1_210' title='bbox 609 2925 751 3010; x_wconf 90' lang='grc' dir='ltr'><strong><em>χρυσίον</em></strong></span> <span class='ocrx_word' id='word_1_211' title='bbox 787 2921 842 2988; x_wconf 80' lang='grc' dir='ltr'><strong><em>καὶ</em></strong></span> <span class='ocrx_word' id='word_1_212' title='bbox 875 2916 1048 3010; x_wconf 80' lang='grc' dir='ltr'><strong><em>ἀργύριον.</em></strong></span> <span class='ocrx_word' id='word_1_213' title='bbox 1095 2919 1154 2990; x_wconf 90' lang='grc' dir='ltr'><strong><em>ἀν-</em></strong></span> 
     </span>
     <span class='ocr_line' id='line_1_28' title="bbox 137 3023 1154 3116; baseline 0.003 -23"><span class='ocrx_word' id='word_1_214' title='bbox 137 3029 229 3114; x_wconf 80' lang='grc' dir='ltr'><strong><em>δρῦν</em></strong></span> <span class='ocrx_word' id='word_1_215' title='bbox 265 3028 329 3116; x_wconf 79' lang='grc' dir='ltr'><strong><em>γὰρ</em></strong></span> <span class='ocrx_word' id='word_1_216' title='bbox 367 3023 509 3113; x_wconf 75' lang='grc' dir='ltr'><strong><em>ἀγαθῶν</em></strong></span> <span class='ocrx_word' id='word_1_217' title='bbox 546 3055 632 3115; x_wconf 87' lang='grc' dir='ltr'><strong><em>φημι</em></strong></span> <span class='ocrx_word' id='word_1_218' title='bbox 669 3029 850 3114; x_wconf 85' lang='grc' dir='ltr'><strong><em>ξυντυχίαν</em></strong></span> <span class='ocrx_word' id='word_1_219' title='bbox 885 3024 969 3115; x_wconf 81' lang='grc' dir='ltr'><strong><em>πρὸς</em></strong></span> <span class='ocrx_word' id='word_1_220' title='bbox 1009 3034 1154 3115; x_wconf 89' lang='grc' dir='ltr'><strong><em>χρυσιόυ</em></strong></span> 
     </span>
     <span class='ocr_line' id='line_1_29' title="bbox 136 3129 1154 3221; baseline 0 -21"><span class='ocrx_word' id='word_1_221' title='bbox 136 3136 267 3221; x_wconf 80' lang='grc' dir='ltr'><strong><em>πλῆθος</em></strong></span> <span class='ocrx_word' id='word_1_222' title='bbox 295 3129 489 3220; x_wconf 83' lang='grc' dir='ltr'><strong><em>όσονδηοῦν</em></strong></span> <span class='ocrx_word' id='word_1_223' title='bbox 516 3133 748 3221; x_wconf 81' lang='grc' dir='ltr'><strong><em>ἐξεταζομένην</em></strong></span> <span class='ocrx_word' id='word_1_224' title='bbox 767 3134 944 3201; x_wconf 84' lang='grc' dir='ltr'><strong><em>καθέλκειν</em></strong></span> <span class='ocrx_word' id='word_1_225' title='bbox 961 3130 1022 3200; x_wconf 90' lang='grc' dir='ltr'><strong><em>τὸν</em></strong></span> <span class='ocrx_word' id='word_1_226' title='bbox 1051 3131 1154 3219; x_wconf 84' lang='grc' dir='ltr'><strong><em>ζυγὸν</em></strong></span> 
     </span>
     <span class='ocr_line' id='line_1_30' title="bbox 206 3293 1154 3368; baseline 0.003 -16"><span class='ocrx_word' id='word_1_227' title='bbox 206 3305 220 3352; x_wconf 89' lang='grc'>1</span> <span class='ocrx_word' id='word_1_228' title='bbox 246 3298 277 3353; x_wconf 82' lang='grc' dir='ltr'><strong><em>ἐκ</em></strong></span> <span class='ocrx_word' id='word_1_229' title='bbox 296 3304 417 3363; x_wconf 58' lang='grc' dir='ltr'><strong><em>τινοςλῑ</em></strong></span> <span class='ocrx_word' id='word_1_230' title='bbox 485 3296 730 3364; x_wconf 59' lang='grc' dir='ltr'><strong><em>ὁπρόσεσθαιλῑ</em></strong></span> <span class='ocrx_word' id='word_1_231' title='bbox 762 3301 766 3366; x_wconf 81' lang='grc' dir='ltr'>Ι</span> <span class='ocrx_word' id='word_1_232' title='bbox 799 3293 1154 3368; x_wconf 61' lang='grc' dir='ltr'><strong><em>ἔνδείξασθαιλερεολι.</em></strong></span> 
     </span>
     <span class='ocr_line' id='line_1_31' title="bbox 38 3360 1156 3453; baseline 0 -33"><span class='ocrx_word' id='word_1_233' title='bbox 38 3431 40 3436; x_wconf 36' lang='grc'><strong>,</strong></span> <span class='ocrx_word' id='word_1_234' title='bbox 136 3371 152 3420; x_wconf 79' lang='grc' dir='ltr'><strong><em>’ί</em></strong></span> <span class='ocrx_word' id='word_1_235' title='bbox 170 3363 199 3428; x_wconf 86' lang='grc' dir='ltr'><strong><em>ἐς</em></strong></span> <span class='ocrx_word' id='word_1_236' title='bbox 217 3367 253 3434; x_wconf 84' lang='lat' dir='ltr'><strong><em>V]</em></strong></span> <span class='ocrx_word' id='word_1_237' title='bbox 274 3366 315 3430; x_wconf 86' lang='grc' dir='ltr'><strong><em>είς</em></strong></span> <span class='ocrx_word' id='word_1_238' title='bbox 386 3374 416 3421; x_wconf 92' lang='grc'><strong><em>11</em></strong></span> <span class='ocrx_word' id='word_1_239' title='bbox 436 3360 572 3436; x_wconf 68' lang='grc' dir='ltr'><strong><em>ῦσπερλί</em></strong></span> <span class='ocrx_word' id='word_1_240' title='bbox 625 3371 657 3420; x_wconf 81' lang='grc'><strong><em>16</em></strong></span> <span class='ocrx_word' id='word_1_241' title='bbox 675 3362 873 3421; x_wconf 86' lang='grc' dir='ltr'><strong><em>έπέπειοτοΜ</em></strong></span> <span class='ocrx_word' id='word_1_242' title='bbox 891 3374 948 3453; x_wconf 75' lang='grc' dir='ltr'><strong><em>μοι.</em></strong></span> <span class='ocrx_word' id='word_1_243' title='bbox 1003 3372 1033 3421; x_wconf 88' lang='grc'><strong><em>18</em></strong></span> <span class='ocrx_word' id='word_1_244' title='bbox 1051 3366 1156 3447; x_wconf 63' lang='grc' dir='ltr'><strong><em>προέτω</em></strong></span> 
     </span>
    </p>
   </div>
   <div class='ocr_carea' id='block_1_3' title="bbox 135 3433 1155 3566">
    <p class='ocr_par' dir='ltr' id='par_1_3' title="bbox 135 3433 1155 3566">
     <span class='ocr_line' id='line_1_32' title="bbox 135 3433 1155 3554; baseline 0.004 -68"><span class='ocrx_word' id='word_1_245' title='bbox 135 3434 290 3554; x_wconf 58' lang='grc' dir='ltr'><strong><em>χἸπρῶτα</em></strong></span> <span class='ocrx_word' id='word_1_246' title='bbox 376 3441 408 3488; x_wconf 87' lang='grc'><strong><em>22</em></strong></span> <span class='ocrx_word' id='word_1_247' title='bbox 437 3434 549 3504; x_wconf 75' lang='grc' dir='ltr'><strong><em>ἔγγονοι</em></strong></span> <span class='ocrx_word' id='word_1_248' title='bbox 568 3435 602 3502; x_wconf 83' lang='lat' dir='ltr'><strong><em>V]</em></strong></span> <span class='ocrx_word' id='word_1_249' title='bbox 626 3433 740 3503; x_wconf 77' lang='grc' dir='ltr'><strong><em>ἔκγονοι</em></strong></span> <span class='ocrx_word' id='word_1_250' title='bbox 827 3438 860 3487; x_wconf 88' lang='grc'><strong><em>28</em></strong></span> <span class='ocrx_word' id='word_1_251' title='bbox 885 3434 1061 3504; x_wconf 87' lang='grc' dir='ltr'><strong><em>οσονδηοῦν]</em></strong></span> <span class='ocrx_word' id='word_1_252' title='bbox 1084 3453 1155 3490; x_wconf 88' lang='grc' dir='ltr'><strong><em>οσον</em></strong></span> 
     </span>
     <span class='ocr_line' id='line_1_33' title="bbox 157 3518 305 3566; baseline 0.027 -14"><span class='ocrx_word' id='word_1_253' title='bbox 157 3518 253 3566; x_wconf 87' lang='grc' dir='ltr'><strong><em>ηουν</em></strong></span> <span class='ocrx_word' id='word_1_254' title='bbox 303 3562 305 3566; x_wconf 54' lang='grc'>,</span> 
     </span>
    </p>
   </div>
   <div class='ocr_carea' id='block_1_4' title="bbox 0 0 1228 3870">
    <p class='ocr_par' dir='ltr' id='par_1_4' title="bbox 0 0 1228 3870">
     <span class='ocr_line' id='line_1_34' title="bbox 0 0 1228 3870; baseline 0 1"><span class='ocrx_word' id='word_1_255' title='bbox 0 0 1228 3870; x_wconf 95' lang='lat' dir='ltr'><strong><em> </em></strong></span> 
     </span>
    </p>
   </div>
  </div>
 </body>
</html>
