2414 3862
436 145 612 198 εειετοτε
632 149 672 198 τε.
833 224 836 229 ⁴
998 111 1069 210 577*

47 282 293 373 αὐτοκράτορος
316 286 477 370 ἐπίταγμα
499 282 693 372 παρητήσω·
716 285 814 350 τούτο
839 281 877 348 δέ
901 277 961 349 ούκ
985 282 1062 368 ἐξήν

46 391 223 479 δήπουθεν
267 394 312 482 τῷ
356 389 400 478 μή
442 388 590 476 μεγάλην
631 386 781 475 άυάγκηυ
821 388 1061 477 προῖσχομέυῳ.

46 498 176 569 ούκουν
209 495 335 583 ἐξήρκει
367 523 424 583 μοι
456 493 539 581 ὑπὲρ
572 493 693 563 τούτου
725 498 889 581 ζημιῶσαί
917 513 954 561 σε
980 517 1060 561 παν·
1090 520 1097 522 “

45 611 145 674 τοίαν
169 610 303 692 ζημίαν,
327 599 398 670 ἀλλ’
425 598 545 693 ῳήθην
568 605 641 668 δεῖν
663 601 789 687 γράψαι
811 599 895 688 πρὸς
918 600 955 668 σδ
975 604 1062 688 πρά-

11 733 124 796 οτον,
157 715 304 796 νομίζων
332 707 468 794 ἰάσιμον
494 709 668 796 ἐπιστολίῳ
696 712 820 794 βραχεῖ.
865 704 911 786 ὡς
937 708 978 775 δέ
998 705 1061 796 (6²)

46 818 236 905 ἐμμένοντα
267 826 336 892 τοῖς
368 809 494 899 αὐτοῖς,
525 815 653 899 μᾶλλον
680 812 718 880 δὲ
745 810 782 880 τὸ
810 811 954 899 λεληθὸς
982 815 1063 894 τέως

46 930 108 1011 τῆς
130 928 253 1010 μανίας
274 918 447 1007 ἐφώρασα,
545 916 590 1004 μή
613 944 645 986 τι
667 919 723 986 καὶ
746 924 942 1006 νομισθείης
964 916 1062 1009 άνήρ,

47 1028 112 1100 ούκ
143 1026 231 1115 άνηρ
263 1023 327 1111 ὤν,
359 1025 414 1091 καὶ
445 1030 632 1113 παρρησίας
657 1023 790 1111 μεστός,
822 1026 1064 1114 ἐμβροντησίας

29 1133 100 1206 ἐάν
121 1133 258 1221 πλήρης,
281 1132 337 1198 καί
359 1134 512 1210 παιδείας
534 1129 748 1217 μετεσχηκώς,
771 1128 852 1199 ούδδ
869 1131 934 1220 γρὺ
952 1133 1063 1219 λόγων

9 1264 32 1304 ιο
48 1241 235 1328 ἁψάμενος,
259 1235 322 1305 ὅσα
344 1262 382 1322 γε
405 1235 493 1316 εἰκός
515 1237 583 1303 ἐστι
606 1248 678 1315 ταῖς
700 1238 886 1319 ἐπιστολαῖς
909 1258 973 1307 σου
994 1264 1063 1306 τεκ-

48 1347 231 1436 μήρασθαι.
259 1342 296 1412 τὸ
321 1341 385 1430 γάρ
408 1345 590 1430 φροῦδον
613 1339 724 1422 οὐδεὶς
743 1341 811 1411 εἷπε
829 1349 898 1413 τῶν
915 1343 1064 1432 ἀρχαίων

50 1456 104 1522 ἐπὶ
130 1455 200 1520 τοῦ·
218 1453 429 1539 προφανοῦς,
461 1447 572 1537 ὥσπερ
599 1448 643 1516 σὺ
669 1453 756 1535 νῦν,
781 1453 851 1519 ἐπεὶ
876 1451 936 1533 τάς
962 1452 1105 1535 άλλαςΒ

51 1580 116 1628 σον
142 1561 200 1644 τῆς
227 1557 399 1641 ἐπιστολής
425 1550 586 1642 ἁμαρτίας
614 1552 725 1634 οὐδεὶς
748 1552 790 1623 άν
814 1559 1004 1638 ἐπεξελθεῖν
1026 1563 1063 1628 ἐν

49 1669 165 1756 μακρῷ
192 1666 310 1753 βιβλίῳ
335 1665 499 1746 δυνηθείη
522 1658 638 1728 καὶτὸ
662 1660 855 1748 μαστροπὸν
878 1665 984 1733 ἐκεῖνο
1008 1668 1063 1733 καί

9 1801 34 1841 ιε
51 1767 217 1860 βδελυρὸν
249 1760 349 1855 ήθος,
385 1762 445 1852 ὑφ’
477 1759 518 1833 οὗ
550 1764 693 1834 σεαυτὸν
724 1768 977 1854 προαγωγεύεις.
1023 1770 1064 1840 οὐ

24 1876 115 1967 ’γάρ
134 1875 212 1956 τοὺς
230 1876 264 1956 ἐξ
283 1875 418 1960 ἑτοίμου
436 1871 502 1960 φής
519 1869 662 1959 ήκοντας
679 1871 760 1941 ούδέ
775 1874 854 1956 τοὺς
868 1878 1064 1965 ἐφεδρεύον-

50 2011 109 2063 τας
135 1997 207 2062 ταῖς
234 1978 365 2068 άρχαῖς,
397 1977 481 2046 άλλδι
503 1976 583 2057 τοὺς
605 1984 723 2068 βεβαίῳ
745 1986 851 2066 κρίσει
873 1985 1110 2073 χρωμένουςῑιῑ

51 2091 106 2158 καὶ
138 2076 220 2156 κατὰ
252 2089 351 2155 τοῦτο
383 2084 420 2153 τὸ
454 2086 534 2153 δέον
567 2085 789 2171 αἱρουμένους
814 2088 954 2170 τούτους
980 2086 1088 2176 δεῖν,

17 2217 25 2222 ·
51 2193 124 2264 ἀλλ’
151 2193 192 2264 ού
219 2192 298 2272 τοὺς
325 2193 463 2279 ἑτοίμως
486 2189 717 2272 ὑπακούοντας
740 2197 917 2281 αἱρεῖσθαι.
962 2200 1065 2280 καλάς

9 2329 38 2370 ιο
52 2328 90 2389 γε
112 2299 192 2389 ἡμῖν
216 2303 350 2380 ἐλπίδας
372 2297 571 2386 ὑποφαίνεις
593 2295 694 2366 οὐδὲν
718 2301 890 2387 δεομένοις
912 2301 957 2384 (ὃς
974 2303 1066 2379 ὑγιεί.

53 2411 131 2495 ξων,
153 2403 197 2496 ήν
221 2401 408 2496 αὖθίςήσε)
432 2410 584 2492 καλῶμεν
603 2406 655 2473 ἐπὶ
673 2415 835 2500 κοινωνίᾳ
852 2413 1064 2500 πραγμάτων,

52 2515 126 2601 ἐμοὶ
159 2513 197 2582 δὲ
228 2517 392 2582 τοσούτου
423 2512 523 2600 μέρος
550 2510 674 2581 τούτου
700 2520 882 2603 περίεστιν,
918 2521 1002 2590 ὥστε
1029 2543 1066 2592 σε

122 2681 340 2750 4δείνΗτοῖι.]
361 2682 462 2746 δεῖΑ,
481 2675 518 2746 δή
537 2701 554 2733 v
617 2676 678 2735 ὅτ’
699 2684 804 2736 εᾶδ.Η
861 2683 1066 2756 βλεληθδςΑ

53 2756 69 2804 7
90 2745 226 2818 ἐφώρασα
237 2751 273 2818 Α]
295 2744 430 2817 ἐφάρατα
445 2752 449 2808 Ι
464 2751 607 2801 Lacunam
625 2751 758 2802 indicavit
774 2754 857 2809 Hrch.
874 2755 879 2817 Ι
895 2756 1066 2825 νομισθείης

55 2818 95 2886 Η]
115 2816 269 2900 νομισθεὶς
291 2887 298 2900 .
315 2823 331 2871 9
349 2816 485 2896 παιδείας
503 2816 698 2898 Αγπαιδείαγ
714 2817 719 2882 Ι
734 2809 805 2872 ούδέ
823 2815 916 2902 γρύ-η
922 2827 953 2874 10
966 2820 1066 2891 τεκμή·

54 2889 171 3007 ἕαέἐίά
184 2880 881 3018 ἳλτῗῗῖδῖΓ·φοῖδῗιέήνερεάῖίίῗέδὲἶῗὲἶέ
898 2891 1065 3025 δῗτῗίαῗῗῖζ

54 3025 104 3074 539
186 3025 217 3073 12
236 3015 299 3074 ἐπεὶ
317 2971 435 3085 ΑΒετή
462 3013 510 3071 ἐπί
593 3023 623 3070 13
641 3011 813 3082 ἐπεξελθεῖν
832 3021 866 3089 Α]
889 3017 1022 3088 ἐξελθεῖν
1039 3047 1066 3089 v,

55 3088 223 3154 διεξελθεῖν
241 3092 297 3140 Pet.
350 3092 382 3140 14
399 3083 513 3155 βιβλίῳ]
532 3081 610 3137 πάνυ
628 3078 723 3154 κύκλῳ
741 3094 798 3151 pet.
817 3091 913 3155 spanh.
961 3096 993 3146 15
1011 3088 1065 3161 ὑφ’

55 3145 90 3208 ού
108 3150 232 3209 σεαυτὸν
249 3148 462 3224 προαγωγεύεις
480 3155 546 3205 Lex.
565 3153 644 3208 vind.
663 3169 688 3218 p.
710 3156 800 3216 151‚17
852 3161 883 3210 16
901 3151 931 3224 ἐξ
950 3153 1066 3229 ἐτοίμον

55 3221 115 3310 φής
137 3217 262 3289 ήνοντας
285 3214 355 3276 οὐδὲ
384 3226 444 3274 Bar.
467 3222 528 3281 Pbi]
560 3213 737 3287 ἐξ....μον
762 3216 850 3288 φύσει
873 3218 942 3281 οὐδὲ
965 3230 1000 3292 Α,
1037 3224 1066 3295 ἐξ

55 3292 173 3359 ετοίμου
186 3334 192 3346 .
203 3330 210 3342 .
221 3328 227 3341 .
240 3293 347 3357 φηλοῖς
364 3284 490 3356 ἥκοντας
503 3329 509 3342 .
522 3327 545 3340 ..
562 3280 631 3339 ούδέ
649 3307 667 3339 v
755 3293 785 3364 18
807 3285 882 3347 κατά
900 3296 923 3346 Α
940 3296 1001 3347 Bar.
1020 3299 1065 3380 Pij

56 3357 93 3440 δή
111 3362 115 3426 Ι
132 3363 206 3424 Quae
224 3366 288 3424 post
306 3353 498 3424 αίροομένους
515 3360 668 3421 sequuntur
686 3355 786 3408 desunt
803 3359 885 3424 vulgo
952 3367 982 3414 19
1001 3356 1054 3416 ἀλλ

55 3447 90 3482 ου
111 3430 148 3496 Η]
177 3420 251 3479 άλλά
332 3431 365 3478 20
392 3416 480 3477 ούδδν
499 3418 648 3488 δεομένοις
671 3420 706 3488 Η]
739 3419 809 3478 οὐδὲ
828 3421 967 3496 δεόμενος
993 3431 1072 3498 (δεο-

55 3493 199 3565 με’νηςΑ)
269 3496 301 3543 21
321 3509 351 3545 σε
370 3493 429 3543 add.
449 3493 476 3542 H

109 3588 214 3629 Iulianus
228 3587 260 3630 Π.
821 3588 855 3636 37
