2408 3856
136 151 180 215 40
438 154 582 206 IULIANI
603 153 853 206 IMPERATORIS

139 276 176 361 ὃς
202 280 303 348 πάλαι
330 279 392 368 μὲν
419 277 609 371 ἀπορραγὲν
626 279 664 350 τὸ
684 279 882 370 στρατήγιον
909 277 973 349 ιἰπό
1001 283 1065 349 τοῦ
1092 280 1151 368 βήε

138 412 240 474 ματος
267 389 307 466 ἐς·
325 383 450 455 ταύτδν
476 386 578 455 πόλιν
605 389 829 474 ἐπαναγαγεῖν
860 383 1004 474 ἠξίωσας
1032 389 1151 474 σχῆμα,
1195 460 1200 482 Ἴ,

138 491 342 580 μιμούμενος
378 491 473 580 οίμαι
504 490 667 561 Ὀδυσσέα
702 493 761 562 καλ
790 493 944 581 Νέστορα
980 493 1036 560 καὶ
1072 491 1153 573 τούς
1198 511 1200 515 ’

100 598 308 679 οέξελόντας
326 597 529 688 Καρχηδόνα
543 594 713 686 Ῥωμαίων
741 598 960 688 στρατηγούς,
989 603 1025 665 οἳ
1050 604 1151 686 φοβε-

139 705 305 793 ρωτέρους
332 700 457 785 αύτούς
484 701 548 774 ιἰπὸ
576 707 638 774 τού
664 704 811 793 βίματος
837 719 907 784 τοῖς
934 700 1112 772 ιἰδικούσιν
1129 699 1203 792 ἢιζι

138 824 208 890 τοῖς
240 815 409 897 πολεμίοις
441 812 494 879 ἐπὶ
525 813 585 898 της
614 811 826 901 παρατάξεως
859 807 909 878 ιἰεὶ
937 810 1152 897 κατέστησαν.

138 916 385 1002 Λημοσθένους
417 916 454 984 δὲ
486 918 541 986 καὶ
574 913 665 997 ὅστις
696 920 818 987 τοῦτον
851 915 989 1003 ἐζήλωκε
1019 913 1082 1004 τὴν
1114 917 1152 984 ἐν

138 1035 208 1101 τοῖς
235 1020 347 1108 λόγοις
380 1020 477 1110 ίσχύν
505 1022 719 1110 αἰδούμενος,
746 1025 793 1113 τῷ
820 1021 933 1112 τρόπῳ
960 1023 1018 1109 τῆς
1046 1025 1151 1108 δημη-
1201 1045 1203 1095 j

139 1133 255 1215 γορίας
295 1124 410 1196 οὔποτ’
450 1123 493 1195 όιν
534 1125 710 1215 ἀξιώσαιμι
746 1130 792 1219 τῷ
830 1127 908 1219 (σῷ)
945 1133 1153 1216 παραβαλεῖν

138 1229 301 1301 τάκείνων
332 1233 465 1320 θέατρα.
513 1229 555 1301 ού
586 1231 650 1321 γὰρ
683 1235 720 1301 ἐν
751 1247 821 1313 τοῖς
853 1228 1002 1312 ὁπλίταις
1029 1230 1151 1320 έδημη-
1166 1245 1202 1301 ιο

138 1336 266 1426 γόρουν
284 1333 364 1405 οὐδὲ
382 1333 466 1425 ὑπὲρ
484 1338 657 1407 τοσούτων
674 1338 940 1424 κινδυνεύοντες,
968 1334 1036 1406 ἀλλ’
1066 1333 1152 1427 ὑπὲρ
1202 1409 1203 1413 ,

108 1432 111 1438 ἐ
137 1442 315 1531 χρημάτων
341 1439 362 1530 ἢ
389 1445 485 1531 τιμῆς
511 1439 532 1530 ἢ
560 1443 669 1531 δόξης,
696 1441 717 1532 ἢ
741 1450 852 1533 φίλοις
870 1457 1025 1531 συνερεῖν
1052 1445 1152 1530 ἐπαγ·
1201 1443 1203 1473 s

93 1573 119 1627 1)
139 1547 337 1635 γειλόμενοι,
366 1546 516 1638 ἀπῄεσαν
535 1547 627 1638 οἶμαι
644 1551 803 1630 πολλάκις
821 1544 886 1619 αἰπό
914 1550 975 1617 τού
993 1547 1152 1636 βήματος,

137 1657 200 1723 τού
219 1653 327 1741 δήμου
345 1654 614 1744 δορυβήσαντος,
641 1652 745 1744 ύχροὶἸ
762 1657 817 1724 καὶ
836 1656 1020 1744 τρέμοντες,
1040 1651 1152 1743 ὥσπερ

139 1763 175 1827 oc
199 1760 304 1828 δειλοὶ
331 1763 400 1830 τῶν
426 1767 594 1848 πολεμίων
612 1763 650 1830 ἐν
678 1759 752 1843 ὄψει
780 1762 959 1850 στρατηγοὶ
986 1784 1151 1850 παρατατ-
1166 1787 1203 1829 ιο,

137 1865 281 1953 τόμενοι.
326 1868 383 1935 καὶ
416 1863 528 1947 οὐδεὶς
556 1862 599 1937 διν
626 1872 731 1936 εἰπεῖν
763 1871 833 1955 ἔχοι
859 1869 1023 1935 τοσούτου
1051 1871 1152 1956 ἔργον

138 1973 237 2064 ἑτέρῳ
265 1972 418 2063 πραχθὲν
449 1973 583 2071 πώποτε
608 1974 665 2041 καί
691 1971 863 2042 τοσούτων
894 1974 1008 2040 έδνῶν
1034 1974 1153 2058 κτῆσιν

138 2079 176 2146 ἐκ
201 2083 431 2169 δικαστηρίου,
460 2076 567 2159 ἄλλως
593 2105 628 2148 τε
650 2077 809 2166 καὶπρὸς
835 2075 945 2167 ἄνδρα
971 2080 1030 2164 τῆς
1057 2081 1153 2164 δίκης

84 2211 118 2261 33
139 2181 242 2270 ούσης
279 2181 352 2269 ούχ,
389 2180 435 2264 ὣς
466 2188 502 2250 οί
534 2189 655 2251 πολλοί
689 2203 810 2270 φασιν,
846 2181 1152 2272 εὐκαταφρόνητον,

138 2284 222 2355 ἄλλόι
249 2294 388 2367 πολλαῖς
405 2287 467 2375 μὲν
486 2293 671 2376 στρατείαις
693 2287 875 2378 γνώριμον,
894 2288 1087 2378 πρεσβύτην
1116 2288 1153 2357 δὲ
1165 2316 1192 2358 ιο

137 2389 203 2479 ἤδη
241 2393 296 2460 καλ
332 2390 395 2480 τὴν
431 2395 603 2481 ἐμπειρίαν
644 2396 680 2462 ἐκ
715 2397 777 2464 τοῦ
817 2394 943 2485 χρόνου
984 2397 1153 2464 δοκοῦντα

137 2499 398 2588 προσειληφέναι
425 2500 481 2566 καί
508 2501 577 2567 τοῖν
605 2501 839 2590 στρατοπέδων
871 2503 1010 2569 ἐκείνων
1038 2498 1153 2588 όίρχειν

137 2602 284 2691 λαχόντα
307 2602 418 2672 πολύν
444 2601 510 2693 ἤδη
538 2604 671 2693 χρόνον.
708 2611 759 2686 τίς
777 2597 840 2674 οὖν
867 2601 889 2693 ἡ
912 2605 1006 2693 ῥύμη
1033 2608 1154 2695 γέγονε

136 2711 205 2777 τῶν
233 2709 358 2796 λόγους
390 2716 440 2790 τίς
468 2711 505 2779 δέ
534 2707 556 2799 ἡ
582 2710 690 2781 πειθὼ
719 2726 789 2792 τοῖς
820 2718 964 2799 χείλεσιν
992 2713 1151 2798 ἐπικαθη-

136 2817 234 2903 μένη,
263 2812 312 2906 (ἢ)
341 2820 566 2886 παντοδαπῶν
599 2814 792 2908 ἀνθρώπων
820 2817 1085 2904 συνειλεγμένων
1113 2814 1150 2885 τό
1166 2843 1192 2884 τε

133 2922 277 3010 κέντρον
309 2925 523 2992 ἐναπολιπεῖν
555 2933 671 3011 ίσχυσε
697 2937 769 3003 ταῖς
799 2936 936 3009 ψυχαῖς,
968 2924 1090 2990 καὶί
1052 2951 1073 2991 ν
1075 2929 1153 3009 ίκην

206 3097 269 3165 ς
287 3104 355 3187 VM]
376 3103 417 3165 είς
438 3104 443 3170 Ι
464 3097 573 3158 ταύτὸν
592 3103 626 3182 V]
645 3098 732 3157 ταύτό
752 3103 756 3172 Ι
774 3097 970 3186 ἐπαναγαγεῖν
989 3103 1023 3171 V]
1042 3097 1152 3157 ἐπανα-

133 3187 199 3236 γειν
251 3166 396 3233 ῖαύτούς
414 3174 472 3225 VM
540 3169 617 3242 9τῷ
635 3171 676 3240 σῷ
693 3171 767 3253 Pet]
785 3171 825 3253 τῷ
850 3173 854 3236 Ι
880 3171 1062 3291 παραβαλεῖν
1079 3169 1151 3239 VM]

134 3234 334 3304 παραβάλλειν
404 3244 436 3291 10
458 3224 606 3292 τακείνον
619 3239 644 3290 V
657 3225 674 3304 Ι
702 3234 737 3292 σύ
759 3256 814 3306 γαρ
829 3236 881 3320 V]
895 3231 964 3291 ούδὲ
978 3257 1046 3358 lug
1120 3242 1153 3291 12

135 3300 1153 3488 {VIVJVIIVIIVI{²315⁰355&AE0‘:''⁷²'‘1⁶0“']0:‘³I⁶:13:0f]

136 3433 195 3503 ἔχει
218 3436 336 3507 Μ,χηέ
357 3458 375 3492 v
447 3445 476 3493 17
499 3441 627 3505 πῶποτε,
650 3446 682 3493 ut
703 3442 789 3506 solet,
811 3441 836 3492 V
903 3445 937 3493 20
959 3445 1110 3520 στρατιαῖς
1127 3441 1153 3491 V

129 3507 168 3554 2ῖ
185 3523 204 3570 η
223 3479 287 3556 αδδ.
305 3457 372 3563 Rsk
391 3513 419 3558 et
437 3508 548 3561 Schaef.
618 3512 651 3560 26
670 3508 767 3576 ίσχνσε
786 3508 890 3560 Βουτοῖ
878 3503 1040 3576 ῖΙίσχύσαι
