2416 3864
142 150 205 215 332
444 151 586 202 ιοιιιαι
609 151 858 203 ιιινειειυοιιιε

142 275 185 346 iv
213 256 363 364 λέγοιντο
395 280 465 346 τῶν
491 283 676 346 καλλίστων
708 277 859 365 πράξεων
888 280 1151 368 διημαρτηκότες,

142 382 230 471 πλὴν
258 393 338 465 ἴσως
366 381 423 452 διὰ
449 381 513 471 τὴν
535 381 691 470 Στωικὴν
718 389 887 451 ἔνστασιν·
915 383 999 473 πρὸς
1027 382 1073 472 ἣν
1101 390 1151 475 ῥη-

142 492 230 576 τέον,
259 485 303 570 άς
332 485 373 559 οό
399 485 524 558 ταύτόν
551 491 641 557 ἐστιν
665 490 874 557 ἐπαινεῖσθαι
901 491 957 559 καὶ
985 499 1150 581 μακαρίζε·

105 607 241 683 Οσθαι,
274 597 330 664 καλ
363 601 394 663 εί
424 595 526 682 φύσει
561 593 598 663 τὸ
633 597 718 686 ζῷον
749 591 965 683 εὐδαιμονίας
998 594 1152 687 ὀρέγεται,

144 716 294 790 κρεῖττον
322 699 409 769 εἶναι
435 700 473 770 τὸ
492 698 564 770 κατ’
595 703 726 788 ἐκείνην
749 701 954 791 μακαριστὸν
982 705 1077 785 τέλος
1099 705 1172 772 τοῦτ

144 806 217 876 κατ’
256 805 378 896 ἀρετὴν
414 809 592 876 ἐπαινετοῦ
629 806 918 895 [μαντευόμενον].
967 806 1087 897 ἥκιστα
1123 808 1153 878 δὲ
1205 876 1206 879 ,

145 922 238 1001 φιλεῖ
261 918 320 1002 της
347 910 564 1002 εὐδαιμονίας
580 909 601 1000 ἡ
620 913 797 1000 βεβαιότης
818 917 857 1002 τῇ
875 914 959 1003 τάχη
982 917 1152 985 πιστεύειν.

145 1021 201 1089 καλ
228 1020 308 1101 τοὺς
335 1022 372 1088 έν
399 1025 548 1110 πολιτεία
577 1021 699 1102 ζῶντας
727 1015 789 1087 οὐκ
813 1025 943 1089 ἔνεστιν
970 1018 1054 1090 άνευ
1082 1021 1152 1090 ταύ-

146 1154 203 1214 της
235 1122 398 1195 άναπνεῖν
428 1123 466 1193 τὸ
500 1124 542 1212 δὴ
576 1124 758 1212 λεγόμενον
787 1154 808 1192 4
840 1154 861 1192 4
894 1155 914 1192 4
947 1154 968 1192 4
1002 1156 1023 1194 4
1057 1155 1078 1193 4
1110 1155 1129 1192 4

145 1233 201 1300 καὶ
237 1231 436 1318 πεποιήκασι
472 1232 527 1298 καὶ
565 1228 752 1319 στρατηγὸν
788 1229 898 1315 λόγοι,
935 1228 1090 1318 καθάπερ
1126 1229 1180 1296 oia

146 1335 206 1416 τάς
234 1337 325 1416 ἰδέας
352 1344 417 1403 είτε
445 1332 581 1422 άληθῶς
611 1338 821 1425 θεωροῦντες
853 1344 917 1404 είτε
944 1336 1001 1403 καὶ
1029 1335 1154 1416 ψευδῶς

147 1443 373 1528 ξυντιθέντες,
410 1443 447 1509 έν
483 1455 553 1522 τοῖς
590 1438 777 1530 ἀσωμάτοις
807 1444 863 1511 καλ
900 1455 1035 1529 νοητοῖς
1069 1441 1153 1530 ίδρά-

147 1553 234 1615 σθαί
248 1572 315 1616 που
333 1549 402 1615 τῶν
419 1552 567 1634 τυχαίων
585 1544 740 1637 ὑπεράνω
760 1548 906 1634 πάντων,
925 1543 946 1634 ἢ
964 1546 1026 1616 τὸν
1042 1545 1153 1632 Διογέ-

146 1681 229 1734 νους
256 1657 386 1722 ἐκεῖνον

104 1789 128 1841 D
220 1776 369 1864 ’Ἀπολιν,
398 1774 531 1863 άοικον,
558 1782 718 1866 πατρίδος
746 1778 975 1866 ἐστερημένον,
1045 1796 1048 1799 ·
1165 1799 1183 1840 ιτ

149 1897 222 1993 οὐκ1
244 1907 362 1989 ἔχοντα
394 1900 456 1990 μὲν
489 1905 535 1982 είς
568 1897 634 1988 ὅ,τι
666 1897 744 1990 παρ’
775 1898 877 1989 αὐτῆς
909 1893 948 1970 εὖ
980 1901 1077 1990 πάθη
1108 1898 1155 1968 καὶ

149 2004 352 2077 τούναντίον
380 2010 416 2075 έν
434 2013 501 2077 τίνι
523 2009 648 2096 σφαλῇ·
671 2009 793 2074 τοῦτον
821 2006 858 2076 δέ
881 2003 922 2075 ὃν
950 2003 970 2094 ἡ
999 2008 1156 2096 συνήθεια

149 2123 263 2182 καλεῖν
291 2123 391 2182 είωθε
419 2114 474 2182 καὶ
495 2111 641 2201 Ὅμηρος
667 2115 807 2201 πρῶτος,

225 2229 279 2303 Ὧι
307 2243 385 2305 λαοί
409 2233 449 2332 τ’Ι
469 2236 726 2326 ἐπιτετράφαται
753 2237 809 2304 καὶ
836 2234 941 2305 τόσσα
968 2236 1123 2325 μέμηλεν,

148 2363 219 2440 πῶς
246 2357 289 2427 άν
316 2387 365 2440 τις
392 2361 453 2440 ἔξω
481 2359 582 2447 τάχης
609 2357 792 2446 άπαγαγόιν
818 2356 879 2447 τὴν
906 2361 1006 2429 θέσιν
1034 2359 1200 2446 φυλάσιι

96 2481 226 2545 τοῖσοις
254 2464 355 2532 πάλιν
383 2461 414 2532 δ’
445 2460 462 2533 ὁ
488 2461 593 2534 αὑτὸν
620 2462 793 2546 ὑποτιθεὶς
814 2465 919 2555 ταάτη
945 2463 1052 2552 πόσης
1074 2461 1159 2554 αὐτῷ

151 2575 225 2638 δεῖν
252 2569 399 2658 οἰήσεται
431 2573 489 2659 της
515 2574 727 2661 παρασκευῆς
758 2573 814 2640 καλ
847 2570 1043 2660 φρονήσεως
1069 2574 1159 2659 πηλί-

150 2676 219 2763 κης,
249 2672 371 2765 (ὥστε)
399 2674 457 2757 τάς
483 2674 538 2764 ἐφ’
569 2677 704 2766 ἑκάτερα
733 2677 853 2766 ῥοπάς,
881 2677 1035 2766 καθάπερ
1062 2673 1158 2746 πνεό-

150 2809 252 2869 ματος
293 2783 517 2871 κυβερνήτην,
559 2781 778 2871 εὐσχημόνως,
814 2785 949 2872 φ’έρεινς
991 2780 1055 2851 οὐκ
1097 2789 1159 2850 ἔστι

194 2973 233 3020 6
252 2963 405 3021 ἐπαινετοῦ
423 2964 491 3036 VM
491 2969 598 3021 καινοῦ
618 2968 622 3024 Ι
642 2963 858 3035 μαντευόμενον
876 2970 986 3021 videtur
1005 2984 1160 3052 expungen·

151 3039 214 3088 dum
233 3053 302 3096 esse,
323 3044 478 3102 corruptum
496 3045 567 3088 certe
588 3042 630 3086 eat
699 3038 798 3090 avie.
816 3037 937 3089 Praefat
1021 3042 1052 3089 10
1072 3032 1159 3104 λόγοι]

151 3098 223 3175 λόγῳ
246 3105 314 3156 ask.
346 3107 488 3169 „Faciunt
512 3104 570 3168 (illi
593 3104 766 3170 philosophi)
790 3107 985 3171 imperatorem
1007 3122 1078 3156 mera
1105 3121 1160 3157 ora·

150 3177 230 3232 tione,
249 3174 413 3234 verbotenus,
437 3188 491 3222 non
510 3174 557 3237 qui
575 3189 673 3238 reapse
694 3174 743 3234 sit,
772 3173 821 3223 sed
846 3173 1062 3223 tantummodo
1053 3189 1084 3222 m
1102 3186 1160 3222 con-

150 3242 278 3306 ceptione
298 3240 427 3291 mentief‘
510 3243 541 3291 12
567 3235 753 3303 ξυντιθέντες
764 3237 807 3322 V]
828 3235 1014 3298 συντιθέντες
1047 3243 1051 3302 Ι
1085 3231 1161 3305 ΐδρό·

150 3307 226 3358 σθαί
240 3308 265 3359 V
354 3310 384 3358 15
403 3306 463 3360 vid
481 3308 618 3358 ad19513
708 3300 771 3357 17’
758 3323 790 3358 εν
808 3303 896 3392 Cob.]
908 3300 956 3358 ini
1027 3310 1059 3359 19
1083 3302 1160 3358 Iliad.

149 3372 187 3454 β,
200 3378 233 3425 25
302 3377 335 3426 20
358 3391 424 3442 την
420 3375 497 3425 Rek
518 3382 545 3424 et
562 3373 600 3456 H]
622 3367 687 3441 [μη]
775 3378 806 3425 21
833 3371 863 3426 δ
882 3367 1009 3426 ὁαότὸν
1012 3371 1110 3455 Rsk]
1131 3366 1160 3423 δὲ

150 3432 240 3494 αάτὸν
273 3440 279 3508 Ι
310 3434 465 3498 υποτιθελς
483 3441 552 3508 Pet]
572 3435 717 3508 ὑποτίθης
749 3441 754 3507 Ι
787 3460 864 3511 αυτῳ
853 3437 963 3508 ooo]
983 3434 1062 3512 αὐτῷ
1131 3441 1175 3491 22

149 3507 201 3573 τῆς
219 3509 325 3559 deleam
394 3512 427 3560 23
445 3525 516 3561 ωστε
534 3511 595 3560 εδδ
615 3510 675 3560 Pet.
