2436 3870
291 247 295 253 ι
319 166 573 231 εολοιιεατυιι
591 178 803 233 Εειεεοιειι.
1007 168 1070 242 389

55 334 89 376 τε
119 301 221 386 αὐτὸς
248 306 525 394 συνεστρατεύετο
553 306 608 374 καὶ
636 297 678 392 ἦν
706 302 880 392 άφευιιτον
902 302 993 397 αύτῷ
1013 305 1070 374 διὰ

55 415 155 483 τοῦτο
192 408 230 480 τὸ
267 413 500 500 πεπρωμένον,
537 409 715 499 άπέφηυαυ
752 408 857 480 αὐτὸν
898 408 1000 480 άλλου
1036 413 1070 492 ἐξ

55 517 161 588 άλλου
188 519 244 586 καὶ
272 519 474 605 μετέστησαν
502 523 549 598 είς
576 519 669 605 ληξιν
687 524 795 586 θείαν.
831 516 966 586 πάντων
984 520 1070 603 γοῦν

56 628 125 693 τῶν
153 623 482 713 ἐπιστρατευσάντων
508 637 581 704 ταῖς
600 623 727 711 Θήβαις
754 624 807 691 ἐπὶ
829 626 898 692 τῶν
917 619 1069 692 ἀσπίδων
1088 642 1113 698 1)

30 732 138 821 ιπρὶυ
165 728 435 819 κατεργάσασθαι
463 728 592 817 σήματα
611 729 814 819 γραφόντων
828 730 896 798 ’καί
925 728 1070 819 ἐγειρόν-

56 864 125 905 των
152 833 191 903 τδι
224 834 366 924 τρόπαια
397 836 453 904 καὶ
484 831 543 916 τάς
574 832 751 924 συμφοράς
782 838 862 907 τῶν,
881 839 1071 923 Καδμείων,

57 939 75 1010 ὁ
104 944 171 1010 των
198 944 291 1009 θεῶν
320 937 477 1029 ὁμιλητὴς
503 937 616 1029 άσημα
643 939 703 1028 μὲν
732 941 969 1027 έπεστράτευεν
986 947 1071 1028 ἔχων

56 1046 153 1133 ὅπλα,
181 1046 350 1136 πραότητα
378 1045 416 1114 δὲ
442 1047 498 1115 καὶ
526 1045 753 1136 σωφροσύνην
779 1042 847 1115 ὑπὸ
879 1049 947 1115 τῶν
974 1055 1070 1138 πολε-

57 1159 144 1241 μίων
172 1154 394 1242 ἐμαρτυρεῖτο.
432 1150 547 1242 διόπερ
576 1151 667 1240 οἶμαι
692 1149 754 1243 χρὴ
782 1151 936 1233 καὶτοὺς
964 1154 1071 1242 ἱερέας

16 1293 64 1332 10.
85 1313 92 1326 .
112 1312 119 1326 .
140 1311 166 1345 .,
198 1263 255 1326 ἵνα
286 1256 503 1346 τυγχάνωμεν
534 1255 685 1347 εὐμενῶν
716 1260 785 1327 τῶν
815 1261 922 1328 θεῶν·
958 1253 1002 1340 ὡς
1029 1255 1071 1327 ού

55 1364 157 1454 μικρά
184 1378 222 1451 γε
249 1368 296 1444 είς
327 1361 452 1444 αι’τοὺς
480 1364 748 1455 ἐξαμαρτάνομεν
780 1364 987 1453 δημούμενοι
1000 1350 1073 1446 ’τὰς

57 1469 149 1559 ἱεράς
189 1471 333 1557 ἐσθῆτας
374 1471 430 1538 καὶ
471 1469 728 1558 δημοσιεύουτες
767 1472 823 1539 καὶ
867 1472 1124 1561 παρέχουτεςεοε

56 1572 170 1655 άπλῶς
196 1577 404 1665 περιβλέπειν
423 1588 493 1656 τοϊς
519 1572 716 1665 άυθρωποις
742 1574 853 1664 ὥσπερ
880 1604 911 1644 τι
938 1587 1071 1664 θαυμα-

56 1680 148 1750 στόν.
194 1691 284 1771 είπερ
312 1684 348 1750 εἰι
374 1680 497 1751 τούτου
516 1687 704 1769 συμβαίνει,
731 1683 847 1750 πολλοὶ
874 1680 1071 1764 πελάζουσιν
1134 1718 1136 1723 v

15 1819 42 1860 ιε
57 1783 138 1876 ἡμῖν
166 1783 208 1856 ού
239 1789 402 1877 καθαροί,
433 1788 490 1855 καὶ
524 1785 581 1856 διά
600 1789 707 1866 τούτο
740 1792 908 1876 χραίνεται
935 1786 976 1857 τά
1002 1789 1071 1856 των

57 1896 150 1962 θεῶν
178 1893 339 1981 σύμβολα.
384 1891 421 1963 τὸ
450 1892 487 1961 δὲ
514 1894 569 1962 καὶ
597 1889 683 1981 ημᾶς
710 1889 833 1973 αύτούς
861 1889 922 1980 οὐχ
951 1897 1070 1983 ἱερατι-

56 2002 124 2080 κοῖς
157 2002 279 2081 ζῶντας
312 2000 429 2088 ἱερέων
462 2000 589 2086 ἐσθῆτα
620 1991 831 2084 περικεῖσθαι
861 1998 969 2086 πόσης
1001 2001 1071 2070 ἐστὶ

57 2112 268 2195 παρανομίας
294 2106 350 2173 καὶ
368 2104 648 2194 καταφρονήσεως
671 2109 720 2186 είς
737 2102 817 2185 τοὺς
835 2105 953 2187 θεούς;
982 2105 1071 2194 είρή-
1124 2148 1129 2155 ·

57 2231 149 2280 σεται
176 2211 238 2299 μὲν
266 2201 329 2279 οὖν
356 2206 437 2299 ἡμῖν
463 2212 520 2279 καὶ
552 2212 626 2298 περὶ
654 2210 784 2278 τούτων
812 2207 857 2280 δι’
888 2207 1070 2300 άκριβείας·

13 2349 42 2388 νο
56 2318 136 2386 νυνὶ
164 2315 203 2385 δὲ
230 2312 275 2397 ως
301 2314 392 2409 τύπω
420 2314 505 2406 πρὸς
533 2317 569 2386 σε
597 2316 716 2407 γράφω
744 2318 818 2407 περὶ
846 2313 967 2386 αὐτῶν.
999 2331 1106 2399 τοῖςΒ

56 2420 211 2508 άσελγέσι
237 2421 369 2503 τούτοις
386 2423 542 2512 θεάτροις
559 2426 628 2492 τῶν
648 2424 763 2513 ίερέωυ
782 2424 898 2511 μηδεὶς
915 2426 1072 2513 μηδαμοῦ

56 2532 293 2618 παραβαλλέτω
322 2527 405 2616 μηδὲ
433 2534 480 2609 εἰς
498 2527 560 2616 τὴν
588 2535 698 2599 οίκίαυ
718 2531 875 2616 είσαγέτω
903 2527 966 2618 την
994 2533 1071 2600 ἑαυ-

141 2786 157 2834 2
184 2775 341 2851 άπέφηναν
369 2777 460 2836 αύτδν
481 2780 523 2850 V]
552 2776 687 2852 άπέφηνε
709 2789 780 2850 ρει,
807 2780 958 2866 α’πέφηνεν
981 2778 1071 2837 αύτόν

57 2850 156 2929 εμερλι,
227 2844 374 2916 ὄοήματα
393 2848 474 2919 Cob.]
495 2845 648 2918 σύμπαντα
733 2854 749 2901 6
772 2849 823 2903 ιιαλ
841 2869 893 2909 τας
911 2846 1071 2970 σομφοριὶςᾸ

56 2934 131 2968 κατα
149 2915 201 2982 τῆς
219 2915 371 2985 συμφορᾶς
387 2921 414 2970 H
484 2922 499 2970 7
521 2913 575 2985 μὲν
594 2935 608 2970 ε
626 2919 651 2969 V
670 2918 823 2983 adjecimus
892 2910 1053 2970 8Αω1οδττ

55 2985 123 3036 mihi
146 2977 184 3045 ὡς
204 2983 257 3037 ιιαλ
281 2987 416 3038 excidisse
438 2987 547 3038 videtur
633 2990 666 3038 10
687 2988 818 3038 Lacunae
842 2989 950 3051 signum
977 2988 1069 3051 posui;

54 3069 118 3103 nam
145 3053 235 3104 losum
261 3054 387 3104 mutilum
415 3070 477 3105 esse
506 3059 579 3105 recte
607 3054 743 3104 iudicavit
771 3055 912 3105 Petavius.
948 3054 1072 3105 Cobetus

55 3121 125 3170 haee
145 3122 203 3172 fers
221 3121 359 3172 Iulianum
379 3122 522 3187 scripsisse
541 3126 635 3186 putat:
654 3114 708 3187 χρὴ
727 3119 777 3172 κοιλ
795 3118 863 3180 τούς
882 3115 975 3188 ἱερέας
994 3113 1072 3187 ἡμᾶς

53 3183 91 3238 τά
114 3185 182 3252 περὶ
204 3181 407 3253 τάςέσθῆτας
430 3192 606 3254 σωφρονεῖν,
627 3188 676 3240 ἵνα
694 3181 882 3256 τυγχάνωμεν
969 3191 1000 3238 11
1019 3187 1072 3254 δη·

54 3247 210 3322 μούμενοι]
233 3251 406 3322 δηλούμενοι
430 3256 497 3307 Rsk.
584 3259 617 3308 14
640 3253 668 3308 εί
687 3250 742 3324 γάρ
765 3255 849 3308 τοῦτο
872 3252 1025 3323 συμβαίνει
1043 3257 1072 3306 Η

55 3325 87 3373 16
110 3320 161 3374 τιαλ
184 3323 247 3374 add.
266 3324 291 3372 V
377 3326 408 3374 17
431 3318 523 3390 πόσης
542 3322 621 3389 Oob.]
639 3317 741 3389 πάσης.
771 3325 808 3374 cf.
826 3324 862 3374 ad
881 3326 968 3375 2131)
1038 3325 1071 3374 19

54 3382 86 3442 έν
109 3381 209 3450 άλλοις
235 3390 299 3442 αδδ.
321 3391 385 3448 Rsk.
409 3397 474 3442 ante
502 3381 542 3442 δι’
568 3384 732 3458 άιιριβείας,
762 3392 884 3443 Oobstus
907 3383 939 3443 ἐν
962 3382 1071 3455 ἑτέροις

53 3463 118 3523 post
141 3450 183 3509 δι’
208 3449 359 3526 άιιριβείας
444 3463 478 3511 20
504 3457 570 3511 νννλ
593 3485 626 3495 -
648 3451 750 3526 γράφω
769 3461 817 3514 eit.
836 3459 936 3511 suidas
954 3476 979 3511 v.
1003 3458 1073 3510 νυνί

53 3527 88 3576 22
105 3522 180 3592 μηδὲ
198 3521 238 3592 Η]
258 3518 331 3592 μήτε
