2408 3856
149 152 190 216 14
450 150 595 202 IULIANI
616 146 863 198 IMPERATORIS

150 276 213 348 ούκ
233 283 280 360 είς
306 305 437 368 μακραν
464 271 651 363 ἀγωνιστάς
670 277 769 364 ἐχρῆν
796 275 1009 361 καταστῆναι,
1037 276 1164 371 πατέρα

97 409 129 457 12
148 383 208 453 τὸν
236 383 298 453 σὸν
326 385 550 471 διανοηθέντα
578 387 684 468 φαίην
707 376 750 448 ἀν
778 379 912 465 εἰκότως
938 393 1008 460 τοῖς
1026 384 1164 449 Κελτῶν

148 497 285 560 ἔθνεσιν
313 492 490 577 ἐπιστῆσαί
515 508 552 556 σε
580 487 715 574 φύλακα
738 488 793 555 καὶ
812 487 961 573 βασιλέα,
989 485 1163 574 μειράκιον

148 599 361 684 ἐτι,μάλλον
389 595 425 664 δέ
453 598 557 662 παῖδα
584 596 706 682 κομιδῇ
733 595 778 684 τῷ
806 592 932 683 χρόνῳ,
960 593 1030 661 ἐπεὶ
1057 594 1097 680 τῇ
1126 621 1163 678 γε

147 703 281 770 συνέσει
320 702 375 770 καὶ
408 700 502 789 όοόμη
538 714 607 780 τοῖς
643 707 757 778 καλοῖς
793 695 957 783 κάγαθοῖς
995 695 1162 787 ἀνδράσιν
1175 729 1190 770 ε

146 807 324 895 ἐνάμιλλον
342 803 416 894 ἤδη.
452 808 513 875 τοῦ
532 805 594 893 μὲν
621 802 808 874 ἀκίνδυνον
835 806 994 890 γενέσθαι
1022 824 1077 873 σοι
1099 803 1162 892 τὴν

147 911 327 1000 πολεμικήν
355 914 528 1001 ἐμπειρίαν
556 907 573 980 δ
601 909 708 1001 πατὴρ
735 911 927 999 προυνόησε
959 913 1083 995 καλῶς,
1116 916 1162 978 εί-

144 1017 254 1108 ·ρηνην
282 1018 433 1099 ἐπιτάξας
460 1016 544 1107 πρὸς
570 1016 650 1098 τοὺς
667 1012 838 1103 ὑπηκόους
866 1014 960 1101 ἀγειν
982 1031 1052 1096 τοῖς
1080 1023 1162 1104 βαρ-

106 1124 276 1214 Ββάροις·
305 1124 470 1212 μάχεσθαι
498 1124 535 1192 δὲ
554 1121 749 1191 ἀναπείθων
780 1123 837 1190 καὶ
865 1121 1050 1204 στασιάζειν
1077 1121 1164 1210 πρός

146 1227 320 1317 ἀλλήλους,
348 1232 385 1297 ἐν
407 1244 480 1308 ταῖς
498 1231 636 1296 ἐκείνων
659 1242 849 1318 συμφοραῖς
867 1229 923 1296 καὶ
941 1242 1010 1308 τοῖς
1030 1226 1161 1315 σῶμασι
1176 1258 1202 1298 ιο

130 1333 369 1422 ,στρατηγικὴν
397 1337 551 1403 ἐδίδασκε
578 1335 713 1421 τέχνην,
742 1331 991 1421 ἀσφαλέστερον
1019 1339 1162 1419 βουλευ-

147 1438 265 1526 όμενος
292 1442 354 1508 τού
381 1443 492 1525 σοφοῦ
515 1440 703 1521 Πλάτωνος.
744 1443 790 1531 τῷ
819 1438 880 1527 μὲν
907 1440 982 1528 γάρ,
1012 1444 1042 1507 εί
1066 1437 1164 1522 πεζός

147 1546 283 1614 ἐπέλθοι
310 1552 477 1633 πολεμίων
496 1545 645 1634 στρατός,
673 1550 708 1614 οί
727 1550 844 1625 παῖδες
870 1546 989 1614 θεαταὶ
1008 1546 1063 1613 καὶ
1092 1573 1162 1613 κοι-

146 1653 250 1718 νωνοὶ
282 1653 350 1719 τῶν
382 1657 505 1739 έργων,
542 1649 585 1739 ἤν
616 1676 683 1720 που
716 1654 880 1738 δεηθῶσι,
916 1665 986 1730 τοῖς
1016 1651 1163 1742 πατράσι

146 1753 289 1841 γένοιντ’
320 1754 375 1824 ἀν·
407 1757 621 1846 κρατούντων
649 1756 686 1824 δὲ
715 1760 849 1826 ίππεύσι
881 1759 949 1824 τῶν
980 1763 1160 1843 πολεμίων,
1175 1783 1201 1826 15

146 1858 216 1950 ῶρα
254 1865 470 1950 μηχανᾶσθαι
505 1877 575 1944 τοῖς
612 1868 794 1952 μειρακίοις
832 1868 994 1951 σωτηρίας
1031 1861 1160 1952 τρόπον

107 1968 398 2055 Οδυσεπινόητον.
443 1967 481 2038 τὸ
515 1969 552 2039 δὲ
573 1971 622 2037 ’ἐν
654 1967 840 2059 ἀλλοτρίοις
871 1968 1044 2048 κινδύνοις
1081 1966 1162 2049 τούς

144 2081 267 2156 παῖδας
304 2077 427 2158 ἐθίζειν
463 2081 630 2162 πολεμίων
667 2072 847 2163 ἀνέχεσθαι
883 2071 1064 2163 καὶπρὸς
1099 2101 1161 2161 την

144 2178 305 2269 χρείαν’
287 2180 479 2268 αρκούντως
506 2182 561 2249 καὶ
589 2179 672 2268 πρὸς
690 2180 752 2268 τὴν
780 2178 967 2266 ἀσφάλειαν
996 2186 1090 2248 δοκεῖ
1106 2187 1159 2266 βε-

144 2287 361 2373 βουλεύσθαι.
408 2287 444 2353 ἐν
477 2284 537 2372 μὲν
570 2283 611 2371 δη
639 2285 770 2366 τούτοις
803 2306 857 2354 σοι
888 2283 971 2375 πρὸς
998 2279 1195 2420 ἀνδρείανεο

144 2386 272 2480 ύπηρχε
297 2391 423 2477 μελέτη.
468 2389 664 2479 φρονήσεως
692 2387 773 2460 δέ
755 2420 776 2479 η
805 2419 866 2479 μεν
895 2391 1010 2478 φύσις,
1038 2418 1082 2478 ην
1114 2401 1159 2460 εί-

145 2505 255 2584 ληχας,
284 2492 449 2586 αύταρκης
476 2491 621 2585 ἡγεμιόν·
649 2500 804 2586 παρῆσαν
832 2497 869 2565 δὲ
889 2495 980 2584 οἶμαι
1007 2497 1160 2565 καὶτῶν

112 2646 118 2655 ·
144 2603 290 2671 πολιτῶν
318 2605 353 2669 οί
382 2601 552 2692 κράτιστοι
583 2599 624 2671 τά
651 2602 803 2673 πολιτικά
832 2603 1055 2682 διδάσκοντες.
1102 2603 1159 2672 καὶ

67 2730 69 2733 “
100 2722 304 2798 Ιλπαρείχον
331 2704 428 2796 ἠθῶν
455 2710 510 2779 καὶ
538 2709 652 2797 νόμων
680 2711 736 2778 καὶ
756 2711 860 2791 ξένων
889 2707 1158 2804 ἐπιτηδευμάτων

145 2816 315 2902 ἐμπειρίαν
343 2819 380 2883 αί
404 2815 487 2905 πρός
505 2813 584 2897 τούς
601 2811 766 2904 ἡγεμόνας
793 2819 860 2884 τῶν
878 2817 956 2903 τῇδε
975 2814 1157 2904 βαρβάρων
1170 2839 1194 2883 α

145 2921 314 3001 ἐντεύξεις.
359 2926 467 2990 καίτοι
499 2921 559 2990 τὸν
588 2918 751 2991 Ὀδυσσέα
779 2919 921 2990 συνετὸν
941 2918 1089 3010 Ὅμηρος
1122 2923 1158 2989 ἐκ

143 3025 268 3108 παντὸς
306 3023 478 3115 ἀποφῆναι
514 3027 779 3118 προαιρούμενος
818 3026 1031 3117 πολύτροπον
1068 3023 1160 3095 εἷναί

145 3155 227 3221 φησι
259 3134 316 3201 καὶ,
345 3135 478 3201 πολλῶν
510 3129 703 3223 ἀνθρώπων
734 3133 795 3204 τδν
814 3130 912 3202 ’νούν
943 3134 1157 3218 καταγνῶναι

143 3240 199 3307 καὶ
227 3242 380 3308 ἐπελθειν
406 3253 478 3319 ταῖς
505 3238 705 3328 πόλεσιν,’
689 3238 734 3310 ιν’
765 3235 843 3322 ἐξ
826 3239 984 3309 απάντων
1012 3239 1158 3320 ἐπιλεξά-

211 3369 490 3440 4οτ5γεσυνέσει]
511 3371 663 3440 γενέσειν
714 3369 805 3442 θῆδη
825 3375 858 3442 V]
878 3367 952 3454 ᾔδει
994 3376 1025 3424 13
1045 3365 1158 3453 ἐπέλθη

145 3443 168 3488 V
190 3457 226 3497 m
245 3457 314 3504 sec„
338 3458 371 3497 m.
391 3459 431 3526 pr.
454 3433 588 3506 ἐπέλθοι,
611 3447 642 3493 ut
664 3444 776 3496 videtur
846 3446 877 3494 19
900 3435 970 3506 πρός
985 3434 1159 3561 ἀσφάλειαν

143 3509 201 3560 VM
252 3512 285 3560 20
302 3503 509 3576 προς]ηπρος
528 3510 635 3562 Schaef.
687 3515 720 3562 29
739 3503 877 3563 ἐπελθειν
895 3506 966 3574 VM]
985 3501 1159 3571 ἐπεξελθεῖν
