2446 3870
498 123 634 175 ORATIO
653 124 700 178 1v,
1043 125 1103 191 173

90 263 190 321 θείου
217 253 279 319 τοῦ
306 247 377 320 κατ’
409 252 580 340 ἐνέργειαν
607 254 810 338 διαφανοῦς;
844 249 926 321 αὐτὸ
955 252 993 321 δὲ
1020 249 1054 338 ὅ,
1073 260 1108 322 τί
1140 234 1147 278 ²:

90 359 174 428 ποτέ
203 358 273 426 ἐστι
304 354 341 427 τὸ
380 356 558 443 διαφανές,
595 360 675 426 πᾶσι
707 357 769 445 μέν
805 353 850 438 ὣς
886 364 964 439 έπος
1000 363 1106 428 εἰπεῖν

92 469 381 551 συνυποκείμενον
398 479 469 544 τοῖς
487 470 661 551 στοιχείοις
683 465 739 532 καὶ
758 459 799 532 ὂν
818 461 930 533 αὐτῶν
948 465 1106 553 προσεχὲς

94 569 195 656 εἶδος,
223 567 265 639 ού
293 555 512 658 σωματοειδδς
540 565 620 638 οῦδὲ
648 570 921 659 συμμιγνύμενον
949 567 1030 639 οῦδὲ
1047 569 1107 651 τὰς

63 682 216 757 τοίκείας
244 675 371 765 σώματι
393 678 615 765 προσιέμενον
641 676 826 764 ποιότητας.
868 674 996 747 οῦκουν
1016 682 1107 745 ἰδίαν

91 780 199 851 αύτοῦ
225 784 358 871 θέρμην
385 784 484 871 ἐρεῖς,
518 779 556 850 οέ
586 779 648 870 τὴν
680 785 838 852 ἐναντίαν
870 780 954 872 αὐτῇ
982 783 1106 870 ψυχρό-

90 912 189 976 τητα,
227 886 269 957 ού
301 885 338 957 τὸ
377 887 538 977 σκληρόν,
575 885 618 957 οῦ
649 886 687 956 τὸ
725 886 876 977 μαλακὸν
912 886 1107 974 ἀποδώσεις,

93 993 168 1065 οὐδ’
208 992 313 1083 ἀλλην
348 992 424 1063 τινὰ
460 997 529 1062 τοῖν
565 990 647 1062 κατὰ
684 993 746 1082 την
787 991 880 1084 ἀφὴν
917 999 1161 1083 διαφορων,134

93 1099 221 1171 οῦκουν
259 1098 340 1170 οὐδὲ
375 1103 494 1187 γεῦσιν
535 1096 615 1169 οῦδὲ
652 1097 775 1188 ὀδμήν,
817 1098 892 1182 όψει
929 1101 967 1170 δέ
1002 1101 1108 1189 μόνον

51 1232 79 1271 ιο
92 1204 272 1277 ὑποπίπτει
298 1205 381 1297 πρὸς
408 1208 579 1295 ἐνέργειαν
600 1202 667 1275 ῦπὸ
695 1210 756 1276 τοῦ
784 1205 896 1296 φωτὸς
921 1203 942 1295 η
970 1207 1107 1294 τοιαύτη

94 1313 197 1402 φύσις
228 1311 384 1403 ἀγομένη.
428 1311 466 1381 τὸ
496 1312 533 1382 δέ
561 1316 634 1400 φῶς
666 1311 756 1395 εἶδός
783 1316 852 1382 έστι
883 1313 1007 1401 ταύτης
1034 1307 1109 1381 οἷον

96 1417 181 1506 ῦλης
198 1415 454 1509 ὑπεστρωμένης
471 1420 528 1487 καλ
546 1422 845 1508 παρεκτεινομένης
861 1435 931 1501 τοῖς
950 1419 1109 1507 σώμασιν.

96 1522 204 1593 αύτοῦ
235 1526 272 1594 δὲ
302 1529 364 1595 τοῦ
397 1523 508 1612 φωτὸς
524 1537 528 1543 ’
545 1523 642 1606 όντος
678 1522 856 1613 ἀσωμάτου
893 1524 1035 1614 ἀκρότης
1068 1521 1111 1593 ἀν

44 1676 51 1685 -
96 1641 149 1718 είη
176 1658 225 1712 τις
251 1634 307 1700 καλ
340 1629 450 1725 ὥσπερ
483 1629 590 1712 ἀνθος
622 1628 761 1712 ἀκτῖνες.
807 1628 827 1720 ἦ
855 1631 918 1720 μέν
951 1623 1015 1701 οῦν
1042 1635 1110 1698 τῶν

47 1730 81 1800 ’15
97 1745 268 1807 Φοινίκων
300 1738 398 1824 δόξα,
435 1741 553 1825 σοφῶν
589 1735 630 1805 τὰ
665 1748 744 1807 θεία
775 1741 832 1806 καλ
868 1737 1111 1826 ἐπιστημόνων,

97 1842 264 1934 ἀχραντον
297 1843 383 1913 εἶναι
415 1846 586 1933 ἐνέργειαν
624 1841 730 1912 αῦτοῦ
761 1847 824 1912 τοῦ
855 1847 1011 1933 καθαροῦ
1047 1845 1111 1912 νοῦ

95 1948 158 2038 τὴν
186 1947 359 2040 ἁπανταχῇ
386 1953 577 2039 προϊοῦσαν
600 1946 710 2037 αύγὴν
737 1954 815 2038 ἔφη·
837 1944 907 2018 Ιοῦκ
935 1947 1054 2040 ἀπᾴδει
1074 1948 1152 2016 δὲΒ

97 2054 177 2125 οῦδὲ
206 2053 224 2126 ὁ
253 2057 367 2144 λόγος,
395 2067 486 2146 είπερ
514 2053 596 2125 αύτὸ
625 2053 661 2124 τὸ
691 2058 764 2141 φῶς
791 2052 979 2143 ἀσώματον,
1007 2064 1041 2122 εί
1064 2080 1113 2134 τις

98 2160 205 2232 αύτοῦ
241 2163 325 2252 μηδὲ
362 2160 423 2251 τὴν
463 2160 576 2251 πηγὴν
616 2157 782 2248 ῦπολάβοι
823 2165 933 2249 σῶμα,
974 2163 1039 2229 νοῦ
1076 2159 1113 2227 δὲ

53 2292 82 2331 20
97 2271 270 2358 ἐνέργειαν
302 2267 468 2358 ἀχραντον
500 2275 548 2349 είς
573 2265 636 2357 τὴν
664 2273 792 2337 οίκείαν
823 2269 926 2358 ἕδραν
954 2270 1113 2354 ἐλλαμπο-

97 2378 220 2464 μένην,
256 2372 277 2463 ἣ
314 2379 376 2444 τοῦ
416 2373 541 2456 παντὸς
583 2372 733 2464 ούρανοῦ
763 2372 801 2442 τὸ
835 2377 938 2463 μέσον
975 2382 1115 2460 είληχεν,

99 2479 185 2551 ὅθεν
217 2481 448 2570 έπιλάμπουσα
475 2480 582 2569 πάσης
614 2480 676 2569 μὲν
708 2477 862 2562 εύτονίας
889 2491 1012 2570 πληροῖ
1036 2478 1116 2559 τοὺς

99 2585 284 2676 οὐρανίους
314 2587 475 2675 κύκλους,
507 2587 616 2656 πάντα
648 2586 685 2654 δὲ
717 2587 912 2677 περιλάμπει
943 2593 1027 2679 θείῳ
1060 2586 1116 2654 καὶ

100 2692 253 2787 ἀχράντῳ
283 2701 378 2782 φωτί.
422 2693 463 2762 τά
491 2696 604 2782 μέντοι
632 2695 669 2761 έν
695 2709 766 2774 τοῖς
792 2703 886 2775 θεοῖς
914 2700 994 2784 ἔργα
1021 2709 1116 2781 προϊ-
1170 2708 1172 2712 “

58 2821 85 2862 25
100 2788 182 2869 όύτα
214 2798 293 2888 παρ’
324 2797 431 2869 αὐτοῦ
467 2806 607 2888 μετρίως
636 2825 672 2867 τε
704 2795 784 2887 ἡμῖν
818 2797 920 2892 ὀλίγῳ
953 2798 1117 2889 πρότερον

101 2916 228 2996 είρηται
256 2909 311 2975 καὶ
341 2907 524 2997 ῥηθήσεται
558 2903 625 2994 μετ’
657 2903 782 2992 ὀλίγον.
829 2903 892 2975 ὅσα
920 2905 957 2972 δέ
986 2901 1156 2992 ὁρῶμενθ

101 3011 186 3103 αὐτῇ
214 3016 349 3101 πρῶτον
381 3011 457 3094 ὄψει
485 3010 592 3100 όνομα
624 3011 731 3100 μόνον
765 3014 856 3081 ἐστὶν
884 3017 984 3100 ἔργον
1012 3008 1115 3096 τητώ-

169 3225 393 3298 5προσιέμενον
412 3231 483 3290 Pet.]
503 3220 677 3296 προϊέμενον
763 3231 778 3278 9
802 3220 910 3280 ούκουν
927 3225 964 3293 H]
986 3218 1092 3278 ούκοῦν
1112 3222 1116 3295 1

102 3292 198 3364 όδμήν
216 3297 292 3364 libri]
310 3289 403 3364 ὀσμήν
473 3300 504 3349 17
527 3290 681 3377 ἀπανταχη
700 3295 735 3359 V]
755 3288 927 3362 ἁπανταχοῦ
997 3297 1029 3345 19
1047 3287 1115 3346 ῦπο·

104 3359 188 3433 λάβοι
206 3365 241 3433 V]
260 3358 404 3432 ῦπολάβει
421 3365 544 3430 MbEF,
564 3357 698 3430 ῦπολαβη
715 3379 734 3414 v
803 3366 836 3441 35
853 3365 929 3415 Fort.
947 3362 1068 3429 μετρίως
1086 3379 1118 3428 γε

103 3437 135 3486 27
153 3425 247 3501 ’όνομοι
264 3467 296 3474 -
316 3425 476 3500 τιμώμενον
494 3436 542 3486 cit.
574 3433 675 3483 suidas
693 3445 718 3481 v.
738 3428 928 3498 τιμωμενος.Ι
955 3423 1133 3498 τηττόμενον·

102 3500 142 3567 Η]
162 3499 333 3569 τιμώμενον.
366 3502 400 3552 ολ.
421 3501 504 3552 12οΒ
