2416 3864
134 137 197 202 282
437 97 583 190 ιοιιειιι
603 138 853 193 ιιιεεεινοιιιε

134 275 199 335 θεν
230 265 421 353 λεγομένοις
453 264 636 353 πιστεύειν,
670 262 753 335 ἄλλά
785 265 825 335 τά
857 268 1023 358 λεληθότα
1061 295 1155 360 περι-

89 392 115 446 D
135 370 333 462 εργάζεσθαι
364 372 421 440 καὶ
458 370 502 460 μὴ
533 371 697 462 πρότερον
735 368 960 462 ἀφίστασθαι,
997 377 1080 465 πρὶν
1113 373 1155 445 άν

134 473 201 548 ῦπὸ
233 489 329 559 θεοῖς
360 473 522 566 ἡγεμόσιν
554 480 683 566 ἐκφανῆ
716 478 880 567 γενόμενα
912 479 973 550 τὸν
1002 483 1039 551 ἐν
1073 478 1154 570 ἡμῖν

134 585 260 673 τελέσῃ,
288 587 415 672 μᾶλλον
444 583 481 658 δὲ
499 583 655 673 τελειώσῃ
683 587 770 653 νοῦν
796 586 852 655 καί
872 592 903 655 εί
925 587 968 675 δή
995 613 1028 655 τι
1046 602 1153 677 κρεῖτ-

134 718 195 761 τον
231 686 313 779 ἡμῖν
349 686 489 778 ὑπάρχει
525 692 587 759 τοῦ
622 693 702 778 νοῦ,
741 688 848 761 αύτοῦ
884 695 946 761 τοῦ
983 691 1061 775 ἑνός
1097 696 1174 763 καλε

134 794 289 883 τάγαθοῦ
316 795 417 885 μοῖρά
443 823 495 877 τις·
522 793 616 885 ὀλίγη
645 795 682 866 τὸ
710 800 779 867 πάν
807 795 991 888 άμερίστοις
1018 804 1152 888 ἔχουσα,

134 906 192 991 τῆς
219 906 329 991 ψυχῆς
355 902 517 992 πλήρωμα
534 906 591 972 καί
619 906 656 972 ἐν
683 906 730 996 τῷ
753 905 804 972 ἑνί
830 905 887 973 καὶ
906 902 1026 998 άγαθῃῦ
1056 928 1152 976 σννε-

134 1030 241 1098 χονσα
268 1012 380 1079 πᾶσαν
409 1007 515 1098 αὐτην
543 1007 601 1078 διὰ
627 1013 685 1098 τῆς
717 1005 944 1100 ὑπερεχούσης
969 1013 1025 1080 καλ
1054 1040 1152 1102 χωρι-

132 1119 215 1204 στῆς
246 1113 352 1185 αὐτοῦ
379 1117 435 1184 καὶ
463 1117 666 1206 ἐξῃρημένης
697 1122 892 1205 παρουσίας.
938 1115 1022 1186 άλλόι
1048 1123 1153 1187 ταῦτα

135 1222 197 1310 μὲν
224 1219 311 1310 ἀμφὶ
329 1219 389 1289 τὸν
417 1222 522 1309 μέγαν
541 1221 718 1291 Διόνυσον
738 1219 800 1292 οῦκ
819 1220 885 1292 οἷδ’
917 1221 1006 1306 ὅπως
1025 1226 1154 1313 ἐπῆλθέ
1164 1249 1182 1289 ιι

80 1340 196 1416 κιθμοι
224 1326 423 1414 βακχεύοντι
451 1330 611 1414 μανῆναι·
639 1325 700 1396 τὸν
727 1331 815 1415 βοῦν
848 1329 885 1398 δὲ
913 1332 1086 1418 ἐπιτίθημι
1113 1335 1152 1420 τῃ

135 1430 275 1521 γλιόττῃ·
313 1434 388 1521 περί
419 1436 487 1501 τῶν
519 1429 674 1522 ἀρρήτων
706 1432 770 1525 γάρ
803 1432 905 1504 οὐδὲν
936 1434 998 1526 χρὴ
1032 1438 1152 1525 λέγειν.

136 1536 219 1607 άλλά
237 1565 293 1626 μοι
311 1539 388 1607 θεολ
406 1537 468 1626 μέν
486 1541 624 1609 ἐκείνων
650 1542 707 1609 καὶ
725 1537 822 1628 ὑμῶν
850 1541 887 1609 δὲ
908 1556 979 1623 τοῖς
1006 1552 1152 1630 πολλοῖς,

136 1642 211 1715 ὅσοι
242 1646 323 1726 τέως
355 1645 427 1714 ἐστὲ
458 1645 588 1729 τούτων
620 1643 778 1735 άμῦητοι,
811 1644 873 1733 τὴν
901 1645 1022 1735 όνῃσιν
1050 1654 1152 1719 δοῖεν.

135 1747 219 1840 ὑπὲρ
248 1750 285 1819 δὲ
313 1742 363 1845 οἷν1
389 1757 494 1822 εἰπεῖν
516 1779 551 1821 τε
574 1754 629 1821 καὶ
657 1750 799 1822 άκοῦσαι
825 1754 924 1842 θέμις
950 1755 1006 1822 καλ
1035 1752 1151 1844 άνεμέ-
1164 1776 1181 1818 ιε

136 1880 239 1947 σητον
271 1854 473 1949 ἀμφοτέροις
504 1861 588 1945 ἐστί,
613 1862 685 1944 ,πᾶς
716 1859 815 1946 λόγος
847 1855 865 1929 ό
899 1861 1152 1949 προφερόμενος

136 1971 172 2036 ἐκ
199 1991 234 2034 τε
261 1966 378 2048 λέξεως
404 1967 461 2035 καλ
484 1970 638 2047 διανοίας
665 1965 841 2052 σύγκειται.
879 1962 1008 2036 οὐκοῦν
1037 1967 1151 2057 ἐπειδὴ

135 2073 191 2141 καί
229 2068 247 2141 ὁ
285 2076 396 2161 μῦθος
436 2071 536 2158 λόγος
571 2078 620 2154 τίς
661 2074 765 2159 ἐστιν,
807 2075 843 2141 ἐκ
880 2077 979 2142 ὃνολν
1015 2075 1152 2144 τούτοιν

47 2178 48 2181 '
94 2184 353 2265 Βσνγκείσεται.
404 2181 581 2265 σκοπῶμεν
618 2177 655 2247 δὲ
691 2177 847 2267 ἑκάτερον
884 2176 1005 2247 αύτιῦν.
1062 2187 1153 2250 ἐστιν

136 2281 222 2371 άπλη
254 2311 304 2365 τις
336 2286 374 2352 ἐν
409 2284 498 2374 λόγῳ
535 2285 635 2352 παντὶ
673 2283 823 2371 διάνοια,
860 2287 915 2353 καί
948 2287 1062 2373 μέντοι
1095 2289 1150 2356 καὶ
1165 2310 1185 2350 ιο

135 2387 218 2458 κατά
251 2392 359 2476 σχημα
386 2389 580 2478 προάγεται,
611 2388 652 2458 τά
679 2395 930 2479 παραδείγματα
957 2390 995 2459 δέ
1023 2389 1152 2480 ἀμφοῖν

136 2498 206 2563 ἐστι
233 2495 347 2563 πολλά.
392 2493 429 2562 τὸ
458 2493 528 2583 μέν
548 2486 611 2564 οῦν
639 2499 676 2564 ἐν
704 2491 834 2565 άπλοῦν
867 2499 937 2566 ἐστι
963 2496 1153 2568 καλοῦθέν

136 2604 243 2670 δεῖται
269 2607 444 2696 ποικιλίας,
471 2599 509 2669 τὸ
530 2597 562 2679 δ’
593 2604 876 2690 ἐσχηματισμένον
895 2609 960 2690 ἔχει
984 2604 1152 2695 διαφοράς

135 2709 173 2776 ἐν
200 2708 308 2800 ἑαυτῷ
335 2706 469 2794 πολλάς,
498 2698 562 2794 οἷν,
590 2718 624 2778 εί
646 2713 681 2776 τί
706 2728 760 2777 σοι
787 2712 846 2796 τῆς
874 2711 1052 2799 ῥητορικῆς
1081 2714 1151 2799 ε’μέ-

135 2823 251 2901 λησεν,
285 2810 347 2882 οῦκ
375 2810 532 2895 άξύνετος
559 2812 597 2882 ελ.
642 2814 773 2884 τούτων
801 2814 842 2903 δὴ
869 2817 938 2884 τῶν
965 2813 1049 2884 κατὰ
1079 2817 1184 2886 oum

133 2947 233 2989 νοιαν
261 2919 438 3008 σχημάτων
456 2917 610 3010 άρμόττει
627 2923 674 3012 τῷ
702 2920 802 3013 μύθφ
826 2919 866 2991 τά
885 2931 1034 2991 πλεῖστα·
1062 2921 1151 3010 πλὴν
1184 3001 1193 3008 ,

134 3032 246 3114 ἔμοιγε
274 3024 353 3095 οὔθ’
383 3022 468 3116 ὑπὲρ
487 3029 555 3094 τῶν
582 3029 716 3096 πολλῶν
735 3024 816 3096 οὔθ’
846 3024 930 3118 ῦπέρ
950 3030 1017 3097 τῶν
1046 3025 1151 3098 άπάν

203 3235 217 3282 l
241 3226 406 3298 λεγομένοις
424 3232 492 3286 Rsk
511 3236 540 3282 et
558 3230 635 3299 Cob.]
656 3227 823 3311 γενομένοις
892 3236 908 3286 8
927 3233 1072 3314 χωριστῆς
1090 3235 1150 3285 Pet.

135 3297 245 3365 spanh.]
264 3298 349 3366 χωρὶς
367 3299 419 3364 τῆς
437 3299 462 3351 V
479 3306 536 3365 pet.
606 3291 736 3350 9οιύτ..
728 3300 849 3379 von?
866 3317 902 3352 an
920 3301 972 3381 ῆς
974 3303 1023 3352 sub
1042 3302 1151 3353 macula

133 3369 223 3418 lateat
248 3383 304 3418 non
330 3369 349 3419 li
370 3366 428 3432 σοί)
515 3370 547 3417 12
574 3360 675 3433 οῦδεν]
701 3360 735 3418 ού
754 3373 811 3433 pet
899 3371 930 3419 13
957 3361 996 3435 ύμ
998 3386 1039 3422 ων
1061 3364 1138 3421 δέν

133 3428 215 3552 ὑμῶν
297 3437 329 3485 18
347 3385 424 3488 ἐστιν
443 3435 477 3494 V]
498 3427 558 3487 ἐστι
638 3437 671 3486 23
696 3429 724 3485 δ’
723 3430 867 3516 ‚RVH
905 3439 939 3488 24
956 3387 1094 3505 ἐμέλησεν
1113 3437 1138 3488 V

133 3495 254 3566 ἐμέλησε
323 3507 354 3555 27
373 3495 497 3555 05³⁹-
514 3493 584 3554 οὔθ’
605 3498 644 3568 Η]
664 3494 784 3554 ούδ’-
802 3491 867 3556 αὖθ’
