2446 3870
486 151 620 203 οιιιτιο
638 153 676 202 11.
1043 148 1085 214 95

68 279 325 368 ἐπικρατοῦντες
361 275 547 365 ἠδύναντο,
580 276 658 347 ούτε
688 281 812 347 ἐκεῖνοι
847 281 1004 358 νικῶντες
1036 279 1084 359 έξ-

69 394 155 454 ελεϊν
183 385 242 453 καὶ
270 380 455 474 ἀνατρέψαι
482 387 550 453 τῶν
576 386 777 474 Πριαμιδῶν
803 380 867 471 τὴν
895 380 1001 473 ἀρχὴν
1028 384 1085 452 καὶ

68 489 128 578 τὴν
155 496 333 578 βασιλείαν
362 500 495 577 ίσχυον,
529 493 684 579 δεκαέτης
718 490 755 558 δδ
783 486 897 570 αὐτοῖς
924 486 1085 575 άναλῶθη

68 597 197 687 χρόνος.
249 603 382 684 βασιλεῖ
411 597 449 665 δὲ
475 598 593 666 πολλοὶ
620 599 682 684 μέν
710 601 797 665 εἰσιν
825 593 965 682 ἀγῶνες·

43 700 244 795 ιάυεγράφη
275 709 459 793 Γερμανοῖς
484 718 555 784 τοῖς
581 698 665 793 ὑπὲρ
693 705 755 771 τού
778 698 899 791 Ῥήνου
926 702 1087 787 πελεμῶν,

18 889 20 901 s
68 809 106 878 τά
132 807 170 879 τε
198 810 253 877 έπλ
280 811 327 900 τῷ
358 815 494 898 Τίγρητι
522 808 684 896 ζεύγματα
710 810 767 877 καὶ
794 811 853 896 της
875 811 1088 897 Παρθυαίων

11 917 14 920 ⁴
70 914 247 1004 δυνάμεως
277 916 334 984 καὶ
365 918 426 984 τού
458 915 672 1003 φρονήματος
708 920 840 1001 ἔλεγχος
872 910 914 982 ού
947 915 1087 1001 φαῦλος,

69 1019 121 1091 ὅτε
151 1017 216 1108 ούχ
234 1016 402 1108 ὑπέμενον
420 1018 547 1108 ἀμῦναι
573 1023 613 1109 τῇ
631 1019 723 1110 χῶρηι
747 1021 976 1109 πορθουμένη,
1003 1015 1087 1086 ἀλλὰ

69 1132 241 1218 περιεῖδον
268 1124 401 1196 άπασαν
428 1137 614 1215 τμηθεῖσαν
640 1124 703 1216 τὴν
731 1136 809 1194 είσω
841 1132 1001 1215 Τίγρητος
1031 1124 1087 1192 καὶ

37 1234 200 1320 ιοΛύκου,
227 1236 296 1304 τῶν
323 1260 361 1320 γε
387 1232 454 1322 μὴν
480 1231 564 1321 πρὸς
586 1231 647 1302 τὸν
674 1232 844 1322 τύραννον
866 1232 1126 1322 πραχθέντωνο

71 1338 89 1411 ὅ
114 1367 151 1409 τε
179 1341 236 1408 έπὶ
262 1345 422 1409 Σικελίαν
449 1345 591 1420 ἔκπλους
616 1342 674 1409 καλ
700 1342 734 1421 ές
760 1338 975 1429 Καρχηδόνα,
999 1334 1087 1427 Ἠρι-

72 1449 180 1518 δανοῦ
221 1473 256 1514 τε
293 1450 331 1515 αλ
364 1445 628 1534 προκαταλήψεις
663 1449 732 1514 τῶν
769 1448 918 1534 ἐκβολῶν
958 1440 1088 1523 ἁπάσας

73 1550 179 1622 αύτού
210 1550 269 1633 τάς
300 1554 337 1621 ἐν
367 1549 486 1642 Ἰταλίη
523 1551 684 1640 δυνάμεις
715 1548 929 1639 άφελόμεναι,
961 1551 1017 1619 καὶ
1048 1545 1086 1616 τὸ

73 1668 263 1728 τελευταῖον
294 1659 351 1726 καί
382 1664 497 1749 τρίτον
528 1657 697 1746 πάλαισμα
724 1659 800 1749 περὶ
832 1671 905 1738 ταῖς
930 1659 1088 1734 Κοττίαις

43 1761 236 1850 ιε”Αλπεσιν,
273 1761 293 1833 δ
324 1762 368 1853 δὴ
400 1772 532 1853 βασιλεῖ
565 1764 627 1852 μὲν
662 1765 827 1854 παρέσχεν
859 1761 994 1850 ἀσφαλῆ
1031 1761 1087 1829 καλ

15 1862 16 1866 “
73 1874 132 1940 τού
159 1871 338 1959 μέλλοντος
365 1867 448 1939 ἀδεᾶ
467 1868 537 1958 Ιτὴν
554 1866 639 1959 ὑπὲρ
666 1873 724 1957 τῆς
747 1875 843 1957 νίκης
869 1865 1009 1957 ἡδονήν,
1026 1866 1087 1935 τὸν
1183 1952 1185 1960 Α

22 2006 25 2010 ·
75 1978 108 2047 δὲ
135 1973 324 2066 ἡττηθέντα
351 1982 451 2064 δίκην
478 1978 645 2045 ἐπιθεῖναι
663 1980 799 2043 δικαίαν
826 1970 917 2064 αύτῶ
945 1975 1000 2041 καὶ
1018 1975 1087 2040 τῶν

73 2084 335 2174 ἐξειργασμένων
361 2082 452 2152 πάνυ
480 2078 577 2164 ἀξίαν
603 2080 842 2169 κατηνάγκασε.

156 2192 311 2258 Τοσαῦτα
343 2185 427 2278 ὑπὲρ
458 2191 527 2256 τῶν
559 2184 722 2276 βασιλέως
758 2192 867 2277 ἔργον
899 2187 936 2254 έν
972 2191 1090 2274 βραχεῖ

41 2324 61 2365 ιι
73 2295 330 2383 διεληλύθαμεν,
358 2293 435 2364 ούτε
453 2300 608 2384 κολακείᾳ
627 2279 864 2383 προστιθέντες
889 2293 946 2361 καὶ
974 2288 1089 2373 αύξειν

72 2404 316 2492 ἐπιχειροῦντες
342 2399 447 2489 τυχὸν
475 2397 615 2481 ούδενὸς
639 2401 844 2488 διαφέροντα
869 2402 940 2468 τῶν
967 2397 1088 2483 ἄλλων,

72 2506 151 2578 ούτε
182 2507 363 2596 πόρρωθεν
394 2511 546 2587 ἕλκοντες
576 2507 633 2576 καὶ
665 2507 855 2594 βιαζόμενοι
882 2507 953 2575 τῶν
980 2510 1088 2594 ἔργων

70 2613 131 2695 τάς
158 2609 366 2701 ὁμοιότητας,
392 2612 545 2701 καθάπερ
564 2616 600 2680 οί
623 2609 703 2692 τοὺς
721 2612 855 2700 μύθους
873 2611 1089 2700 ἐξηγούμενοι

71 2721 141 2789 τῶν
167 2722 318 2807 ποιητῶν
344 2721 400 2790 καλ
428 2716 630 2800 ἀναλύοντες
647 2720 681 2799 ές
699 2717 821 2804 λόγους
847 2718 1016 2799 πιθανοὺς
1032 2715 1089 2786 καί

34 2857 59 2900 τε
72 2826 314 2916 ἐνδεχομένους
340 2826 382 2894 τὰ
408 2825 637 2913 πλάσματαέκ
659 2827 778 2914 μικράς
804 2825 894 2893 πάνυ
922 2829 980 2913 τῆς
1006 2819 1088 2892 ύπο-

26 2967 28 2969 ·
71 2939 170 3014 νοίας
196 2928 386 3022 δρμῶμενοι
411 2934 468 3001 καὶ
487 2929 638 3020 ἀμυδράς
661 2937 737 3000 λίαν
765 2931 1013 3020 παραλαβόντες
1030 2926 1088 3006 τάς
1107 2943 1141 2993 ⁷5

158 3123 173 3171 1
197 3112 420 3202 ἐπικρατοῦντες
442 3117 485 3186 Η]
511 3111 739 3183 έπικρατούντας
764 3117 769 3183 Ι
797 3108 865 3169 ούτε
882 3115 919 3184 Η]
943 3108 1012 3167 οὐδὲ
1072 3119 1088 3166 3

73 3187 162 3255 ίσγων
181 3188 206 3238 V
230 3185 235 3252 Ι
260 3181 401 3253 αναλύθη
418 3186 455 3253 Τ]
476 3179 625 3252 άνηλύθη.
654 3187 689 3242 cf.
708 3187 794 3238 2921)
813 3184 898 3237 3692
936 3242 943 3263 ¹
966 3183 1091 3234 4Lacu·

72 3271 137 3308 nam
161 3272 178 3306 α
200 3255 318 3307 Petavio
341 3256 491 3306 indicatam
513 3255 664 3306 Horkelius
689 3253 811 3319 explevit
835 3248 886 3303 καί
907 3266 963 3317 γαρ
988 3249 1090 3327 ηδδίιίε

72 3328 88 3377 9
105 3320 237 3390 τίγριδος
254 3323 287 3374 V.
319 3323 355 3374 cf.
376 3323 411 3374 ad
428 3326 461 3374 22
473 3323 498 3372 Α
567 3325 599 3372 13
618 3313 797 3386 άφελόμεκαι
815 3317 890 3384 Pon]
909 3311 1091 3384 άφελομενος

73 3395 105 3443 13
118 3399 148 3442 οι
162 3392 195 3441 14
221 3381 254 3441 τό
277 3391 446 3443 τελευταῖον
468 3388 507 3456 Τ]
535 3380 567 3440 τό
593 3404 626 3456 γε
651 3388 819 3440 τελευταῖον
896 3388 928 3438 14
954 3382 1091 3443 Κοττίαις

72 3456 145 3526 Pet]
170 3455 301 3518 σκοτίαις
370 3460 401 3510 16
423 3450 487 3526 τόν]
512 3455 550 3508 τῶ
568 3456 594 3507 Τ
664 3457 695 3505 17
720 3449 888 3522 ἡττηθέντα
910 3457 938 3507 Μ
958 3458 1029 3506 eant.
1049 3449 1088 3517 fl.]

72 3519 237 3592 ἡττηθέντι
257 3523 262 3590 Ι
284 3518 363 3577 αύτῶ
380 3526 440 3576 ΤΜ
507 3526 541 3575 24
557 3517 707 3583 πιθανούς
725 3539 776 3575 om.
795 3525 821 3575 Τ
