2436 3870
135 157 200 223 368
298 180 301 184 ’
440 157 583 210 IULIANI
600 157 848 212 IMPERATORIS

137 290 292 371 ἐκείνοις,
329 284 385 354 καὶ
423 281 570 372 μισθοὺς
595 285 768 373 Ιἐτέλεσεν,
806 284 895 368 ὅπως
926 283 964 355 τὸ
1001 291 1152 355 Γαλλιῶν

137 400 239 474 ἔθνος
265 397 474 481 πορθηθείη,
507 391 649 480 γράφων
676 418 711 461 τε
738 406 808 474 τοῖς
836 396 874 461 έν
898 390 1020 483 Ἰταλίᾳ
1048 419 1173 482 παρα-γ

138 499 319 587 φυλάττειν
349 495 429 579 τοὺς
461 499 497 566 ἐκ
527 499 596 566 τῶν
629 501 782 567 Γαλλιῶν
814 498 1067 588 παρεκελεύετο,
1101 501 1152 569 καὶ

101 608 220 694 Βπερλν
241 602 321 686 τοὺς
339 601 522 684 Γαλλικοὺς
549 600 652 693 ὅρους
679 606 717 672 ἐν
742 618 815 686 ταῖς
843 611 988 693 πλησίον
1016 605 1152 674 πόλεσιν

138 718 186 795 είς
211 716 404 800 τριακοσίας
431 707 595 799 μυριάδας
622 715 794 798 μεδίμνων
820 714 933 800 πυροῦ
959 734 1175 802 κατειργασε

74 842 78 849 ·
137 820 243 907 μένου
276 819 313 885 έν
344 819 384 905 τῇ
416 823 615 906 Βριγαντίρι,
647 819 811 887 τοσοῦτον
842 819 957 907 ἕτερον
989 820 1067 906 περὶ
1100 816 1153 899 τάς

138 930 281 1005 Κοττίας
312 919 444 1004 ’Ἀλπεις
486 918 531 1002 ὡς
566 919 618 991 ἐπ’
658 922 714 1010 ἐμὲ
754 923 967 1011 στρατεύσων
1005 926 1152 1005 ἐκέλευσε

137 1030 468 1119 παρασκευασθῆναι.
505 1029 683 1096 καὶταῦτα
702 1025 744 1098 οὐ
763 1028 868 1116 λόγοι,
896 1032 989 1118 σαφῆ
1010 1030 1048 1099 δὲ
1068 1037 1152 1120 ἔργα.

138 1137 194 1206 καλ
222 1134 286 1225 γάρ
315 1131 354 1215 ἀς
381 1136 549 1223 γέγραφεν
576 1132 750 1216 ἐπιστολάς
781 1130 848 1203 ὑπὸ
876 1138 944 1204 τῶν
972 1137 1153 1225 βαρβάρων

139 1247 355 1329 κομισθείσας
383 1239 555 1329 ἐδεξάμην,
583 1243 639 1310 καλ
666 1238 725 1322 τάς
743 1239 870 1330 τροφὰς
897 1240 955 1322 τὰς
974 1262 1152 1333 παρεσκευ-
1166 1267 1188 1306 1⁰

139 1348 284 1434 ασμένας
311 1347 495 1434 κατέλαβον
522 1347 578 1415 καὶ
605 1345 663 1428 τὰς
690 1344 864 1428 ἐπιστολάς
886 1342 1032 1437 Ταύρου.
1074 1347 1155 1440 πρὸς

105 1451 271 1533 Οτοάτοις
298 1457 347 1519 ἔτι
364 1454 431 1520 νῦν
448 1479 506 1541 μοι
523 1459 659 1542 καίσαρι
686 1453 819 1542 γράφει,
846 1455 902 1523 καὶ
922 1451 1003 1522 οὐδὲ
1026 1455 1153 1543 συνθή-

140 1568 261 1629 σεσθαι
287 1556 420 1627 πώποτε
438 1558 522 1648 πρός
544 1586 584 1646 με
602 1554 738 1647 ἀπέστη,
766 1556 838 1628 ἀλλ’
866 1556 1063 1648 Ἐπίκτητόν
1080 1576 1154 1630 τινα

140 1668 208 1735 τάν
236 1667 389 1733 Γαλλιοῐν
416 1666 598 1734 ἐπίσκοπον
625 1670 770 1753 ἔπεμψεν
798 1661 842 1747 ὡς
869 1666 968 1735 πιστά
996 1695 1056 1756 μοι
1082 1668 1154 1756 περὶ

139 1776 198 1863 τῆς
230 1768 412 1859 ἀσφαλείας
448 1773 507 1859 τῆς
543 1771 689 1860 ἐμαυτοῦ
725 1772 925 1861 παρέξοντα,
962 1775 1018 1842 καὶ
1056 1777 1154 1843 τοῦτο
1168 1795 1188 1835 15

139 1886 264 1968 δρυλεῖ
297 1874 343 1946 δι’
384 1874 473 1947 ὅλων
510 1873 617 1947 αὐτοῦ
657 1880 726 1947 τῶν
763 1880 966 1966 ἐπιστολῶν,
1008 1875 1055 1962 ὦς
1095 1877 1155 1948 οὐκ

142 1981 412 2075 ἀφαιρησόμενος
442 1987 504 2053 τοτ’
538 1986 610 2072 ζῆν,
647 1980 732 2073 ὑπὲρ
765 1984 802 2053 δὲ
833 1988 892 2074 τῆς
923 1988 1018 2075 τιμῆς
1055 1983 1163 2066 οὐδὲν,

140 2089 353 2180 μνημονεύει.
395 2086 460 2175 ἐγὼ
489 2089 526 2159 δὲ
553 2088 632 2171 τοὺς
658 2089 720 2179 μὲν
748 2087 871 2180 ὅρκους
899 2088 1006 2160 αὐτοῦ
1032 2090 1071 2161 τὸ
1099 2095 1157 2180 τῆς

98 2209 123 2264 Ι)
142 2200 320 2287 παροιμίας
348 2193 441 2284 οἶμαι
460 2201 532 2265 δεῖν
560 2202 607 2278 είς
633 2196 762 2286 τέφραν
779 2196 933 2286 γράφειν,
962 2195 1071 2280 οὕτως
1093 2199 1157 2266 είσλ

141 2306 269 2372 πιστοί·
301 2303 360 2390 τῆς
389 2305 486 2390 τιμῆς
517 2302 554 2371 δὲ
586 2298 629 2372 οὐ
659 2304 721 2372 τοῦ
748 2306 854 2372 καλοῦ
885 2305 941 2372 καὶ
973 2305 1190 2393 πρέποντοςυ

141 2409 263 2496 μόνον,
300 2403 384 2475 ἀλλὰ
419 2409 476 2477 καὶ
512 2411 571 2496 τῆς
606 2411 675 2477 τῶν
712 2415 823 2496 φίλων
860 2412 957 2479 ἕνεκα
991 2416 1156 2499 σωτηρίας

142 2509 332 2601 ἀντέχομαι·
360 2515 416 2581 καὶ
444 2511 538 2582 οάπω
557 2515 643 2603 φημὶ
670 2512 732 2602 τὴν
750 2518 923 2603 πανταχοῦ
950 2518 1011 2604 γης
1028 2543 1155 2604 γυμνα-

143 2620 283 2708 ζομένην
310 2625 455 2708 πικρίαν.
491 2623 596 2713 ταῦτα
624 2622 736 2689 ἔπεισέ
761 2647 811 2708 με,
839 2624 943 2690 ταῦτα
971 2621 1081 2710 ἐφάνη
1101 2650 1157 2711 μοι

142 2731 263 2794 δίκαια.
299 2725 355 2794 καὶ
382 2728 517 2815 πρῶτον
543 2725 606 2814 μὲν
624 2723 710 2795 αὐτά
737 2741 806 2808 τοῖς
833 2727 941 2796 πάντα
969 2723 1075 2816 ὁρῶσι
1101 2729 1156 2797 καὶ

210 2919 226 2965 6
243 2929 279 2965 πε
299 2910 309 2965 I
327 2911 364 2980 Η]
383 2905 430 2965 ἐττλ
501 2916 515 2964 7
538 2913 661 2973 Κοττίας
678 2912 752 2980 Pet]
772 2913 898 2975 Σκοτίας
967 2918 983 2966 9
1006 2907 1158 2976 ἐπιστολὰς

142 2975 198 3035 ἀπὸ
224 2982 285 3032 Pet.
323 2973 475 3040 ἐπιστολὰς
498 2972 533 3040 ἀς
556 2973 629 3048 νπὲρ
647 2984 671 3033 V
689 2986 759 3047 pet,
784 2976 936 3042 ἐπιστολάς
959 2976 1034 3046 ὑπὲρ
1059 2985 1156 3062 spsnh.

143 3052 174 3099 12
192 3047 319 3115 καίσαρι]
338 3039 378 3108 ἀς
396 3042 467 3100 οὐδὲ
485 3046 601 3114 καίσαρι
619 3049 695 3112 Βολτ,
714 3040 752 3109 ὥς
770 3048 887 3115 καίσαρι
904 3051 931 3100 Η
993 3053 1024 3102 13
1042 3067 1158 3102 nonore

141 3118 166 3167 V
219 3119 252 3166 14
268 3115 325 3167 τῶν
339 3112 478 3183 Γαλλιῶν]
499 3117 567 3168 Cum
578 3116 726 3182 Epictetus
738 3117 989 3169 centumcellensis
1001 3119 1158 3184 episcopus,

143 3185 199 3248 qui,
219 3189 251 3233 ut
269 3184 433 3235 Constantio
452 3182 666 3250 gratificaretur,
689 3186 835 3251 magnoin
852 3183 1013 3237 Catholicos
1037 3187 1159 3239 saevitis

143 3255 283 3318 grassatus
306 3253 355 3315 sit,
380 3252 414 3302 ab
432 3250 586 3304 Athanasio
609 3252 645 3302 sd
663 3251 742 3303 Solit.
761 3258 1000 3317 commemoretur,
1023 3255 1159 3305 Petsvius

144 3321 312 3384 suspicetur,
329 3319 468 3369 Iulianum
485 3317 726 3384 Κεντονμιιελλῶν
745 3321 887 3385 οοτίριίεεο
947 3323 979 3371 16
997 3321 1108 3389 θρυλεῖ
1121 3323 1148 3372 Η

143 3385 267 3451 δρυλλεῖ
333 3387 365 3436 17
384 3380 473 3438 οὐδὲν
486 3385 522 3454 Η]
542 3379 636 3439 οὐδὲν
705 3388 737 3438 18
750 3392 779 3438 et
792 3391 824 3438 19
842 3378 896 3454 ἐγά
917 3383 950 3440 δὲ
969 3380 1148 3455 -γράφειν

142 3453 220 3504 Haec
238 3451 339 3502 Suidss
365 3454 447 3504 offert
465 3469 491 3504 v.
512 3451 553 3514 είς
571 3451 682 3521 τέφραν
700 3448 826 3521 γράφειν
912 3458 943 3508 lo
963 3461 990 3507 st
1009 3459 1043 3508 20
1068 3450 1158 3516 οὕτως

143 3514 199 3570 είολ
218 3517 327 3584 πιστοί]
347 3521 426 3572 Heec
445 3519 520 3572 delet
538 3521 604 3575 eob.
1159 3558 1161 3561 -
