2436 3870
332 186 587 244 FRAGMENTUM
604 193 819 247 Εειενοιεε.
1020 196 1084 259 379

67 345 126 397 νος
154 314 222 404 ῦμα
254 319 310 386 καὶ
343 323 490 408 φρίττων
518 321 551 401 έξ
583 317 738 408 ἀφανοῦς
770 316 919 408 ὁρῶντας
947 327 994 402 είς
1021 320 1081 391 αῦ-

66 420 127 491 τὸν
154 421 234 504 τοῦς
265 423 377 504 θεούς.
423 433 457 493 εί
479 452 529 506 τις
557 417 620 494 οῦν
653 435 756 495 οίεται
784 432 856 495 δεῖν
884 424 969 495 αὐτὰ
997 428 1082 515 μηδὲ

67 534 271 617 φθείρεσθαι
309 528 366 598 διὰ
402 528 439 599 τὸ
476 532 568 599 θεῶν
602 529 689 613 ἅπαξ
732 532 863 613 εἰκόνας
904 521 1082 621 κληθῆναι,

66 638 235 717 παντελῶς
261 633 382 724 άφρων
409 634 499 704 εἷναί
522 664 579 724 μοι
607 643 770 723 φαίνεται.
816 641 901 727 χρῆν
928 636 990 727 γάρ
1019 639 1078 726 δῆ-

38 751 198 816 ιπουθεν
225 739 312 810 αῦτά
338 742 423 829 μηδέ
449 737 515 811 ὑπὸ
544 739 737 831 ἀνθρώπων
764 746 930 829 γενέσθαι.
975 741 1012 812 τό
1042 744 1079 812 δὲ

65 842 122 915 ὑπ’
153 843 278 938 ἀνδρὸς
310 851 422 934 σοφοῦ
453 850 509 915 καὶ
540 845 675 934 ἀγαθοῦ
707 850 891 937 γενόμενον
918 845 984 919 ὑπὸ
1014 847 1133 918 ὄιν-295

64 952 207 1040 θρόπου
234 956 387 1041 πονηροῦ
405 955 461 1022 καὶ
489 951 644 1041 ἀμαθοῦς
662 958 836 1043 φθαρῆναι
855 956 1005 1024 δύναται.
1038 955 1079 1024 τά

65 1058 102 1126 δὲ
130 1055 204 1151 ὑπὸ,
225 1062 293 1127 νῦν
319 1061 414 1128 θεῦν
442 1061 546 1142 ζῶντα
565 1057 736 1147 ἀγάλματα
763 1064 1078 1131 κατασκευασθέντα

64 1167 122 1251 τῆς
155 1161 308 1251 ἀφανοῦς
340 1162 452 1233 αῦτῦν
489 1163 622 1252 οῦσίας,
660 1171 696 1234 οί
724 1168 799 1257 περὶ
830 1165 892 1235 τὸν
930 1165 1079 1258 οῦρανὸν

25 1305 50 1344 10
64 1269 176 1360 κῦκλφ
209 1270 389 1361 φερόμενοι
416 1277 507 1358 θεοί,
541 1273 632 1359 μένει
658 1271 719 1341 τὸν
746 1270 797 1341 ἀεὶ
824 1273 949 1362 χρόνον
977 1271 1078 1341 ἀίδια.

63 1376 180 1462 μηδείς
211 1368 275 1445 οῦν
307 1373 481 1445 ἀπιστείτω
513 1388 608 1459 θεοῖς
640 1374 730 1466 ὁρῶν
762 1380 818 1446 καὶ
850 1376 1001 1465 ἀκούων,
1036 1375 1080 1460 ῦς

64 1480 248 1571 ε’νῦβρισάν
278 1508 366 1564 τινες
402 1489 449 1562 είς
484 1481 525 1551 τά
558 1481 731 1571 ἀγάλματα
763 1486 818 1568 καὶ
850 1483 931 1566 τοὺς
966 1485 1078 1565 ναούς.

63 1579 119 1675 ἀρ’
160 1585 221 1656 οῦκ
263 1585 466 1677 ἀνθρώπους
508 1588 672 1677 χρηστοὺς
713 1586 910 1659 ἀπέκτειναν
950 1596 1079 1676 πολλοί,

62 1693 215 1793 καθάπερ
243 1694 405 1784 Σωκράτη
433 1697 489 1763 καὶ
517 1700 636 1763 Δίωνα
663 1694 719 1763 καὶ
745 1693 806 1764 τὸν
833 1697 937 1782 μέγαν
961 1693 1117 1782 Ἑμπε-Β

24 1833 49 1873 15
64 1799 219 1886 δότιμον;
248 1791 296 1868 οἷν
323 1791 361 1869 εῦ
390 1797 455 1869 οἶδ’
486 1798 537 1869 ὅτι
565 1804 691 1888 μᾶλλον
714 1803 850 1888 ἐμέλησε
866 1816 947 1897 ,τοῖς
973 1812 1077 1882 θεοῖς.

64 1903 136 1973 ἀλλ’
168 1901 276 1994 δρᾶτε,
305 1903 356 1974 ὅτι
369 1907 430 1982 Ικαὶ
448 1906 578 1975 τούτων
596 1905 754 1996 φθαρτὸν
773 1906 897 1987 εἰδότες
924 1905 961 1975 τὸ
981 1910 1077 1994 σῶμα

63 2010 303 2101 συνεχάρησαν
330 2009 413 2092 εἶξαι
440 2016 480 2101 τῆ
509 2011 611 2099 φύσει
638 2014 694 2081 καὶ
722 2010 948 2101 ὑποχωρῆσαι,
977 2017 1076 2100 δίκην

64 2117 101 2184 δὲ
133 2114 307 2206 άπῆτησαν
335 2115 477 2208 ὕστερον
508 2117 598 2208 παρὰ
629 2121 698 2186 των
729 2119 940 2187 κτεινάντων.
987 2113 1005 2185 δ
1035 2116 1076 2205 δῆ

62 2225 189 2310 συνέβη
227 2227 381 2314 φανεροῖς
413 2220 468 2311 ἐφ’
502 2220 597 2311 ἡμῶν
629 2226 683 2293 ἐπὶ
719 2225 856 2293 πάντων
892 2227 960 2291 τῶν
993 2227 1078 2311 ίερο-

21 2362 48 2403 20
62 2329 185 2397 σάλων.
1018 2408 1022 2412 .

144 2436 275 2521 Μηδεὶς
303 2426 367 2503 οῦν
386 2432 540 2503 ἀπατάτω
559 2436 672 2522 λόγοις
699 2436 782 2524 μηδὲ
800 2438 984 2527 ταραττέτω
1003 2437 1078 2525 περὶ

60 2544 120 2627 τῆς
157 2546 318 2628 προνοίας
356 2536 449 2628 ἡμᾶς.
502 2545 536 2610 οί
566 2540 630 2628 γάρ
666 2539 747 2630 ῆμῖυ
785 2540 1001 2625 ὀνειδίζοντες
1037 2540 1117 2610 τάθ

60 2649 216 2732 τοιαῦτα,
252 2649 321 2714 τῶν
349 2643 525 2715 Ἰουδαίων
557 2652 593 2715 οί
626 2650 810 2737 προφῆται,
846 2655 882 2716 τί
910 2650 985 2738 περὶ
1017 2651 1078 2716 τοῦ

61 2749 127 2818 υεώ
156 2752 304 2839 φήσουσι
335 2755 399 2820 τοῦ
425 2750 503 2840 παρ’
534 2750 649 2833 αὐτοῖς
681 2759 794 2841 τρίτον
822 2751 1077 2841 ἀνατραπέντος,

21 2889 49 2929 25
64 2858 277 2946 ἐγειρομένου
311 2857 348 2926 δὲ
381 2854 461 2926 οὐδὲ
493 2861 572 2941 νῦν;
606 2856 671 2943 έγιδ
700 2858 736 2926 δὲ
769 2857 864 2927 εἶπον
897 2857 958 2927 οῦκ
991 2855 1077 2927 όνει-
1104 2905 1105 2908 =

63 2967 162 3044 δίζων
204 2966 363 3051 έκείνοις,
404 2961 442 3044 ὅς
478 2991 515 3050 γε
552 2964 725 3045 τοσούτοις
761 2953 903 3054 ῦστερου
944 2964 1078 3052 χρόνοις

42 3066 317 3157 ,άναστῆσασθαι
345 3069 530 3157 διενοήθην
549 3067 654 3138 αὐτὸν
673 3074 720 3151 είς
738 3067 837 3157 τιμὴν
854 3072 916 3137 τοῦ
935 3071 1076 3155 κληθέν-

60 3201 117 3255 τος
145 3172 197 3244 έπ’
228 3172 318 3267 αὐτῷ
346 3178 445 3243 θεοῦ·
473 3177 553 3263 νυνὶ
581 3175 619 3243 δέ
646 3175 834 3263 ἐχρησάμην
853 3171 943 3266 αὐτῷ
972 3176 1121 3256 δεῖξαιῐ)

61 3281 280 3368 βουλόμενος,
319 3278 370 3350 ὅτι
402 3284 470 3349 τῶν
502 3278 730 3370 ἀνθρωπίνων
762 3278 865 3370 οῦδὲν
898 3278 1077 3366 άφθαρτον

20 3419 48 3458 80
63 3385 151 3454 εἶναι
180 3386 322 3456 δύναται
349 3389 405 3455 καὶ
434 3390 469 3455 οί
493 3385 690 3481 τὰτοιαῦτα
718 3386 905 3477 γράφοντες
932 3386 1076 3474 έλῆρουν
1130 3459 1141 3467 χ

69 3541 83 3548 ⁵*
131 3548 216 3604 36ιά
236 3549 293 3605 τῶν
310 3547 390 3605 θεῶν
408 3558 464 3618 pet.
534 3556 567 3603 22
586 3557 614 3604 et
632 3556 664 3605 23
682 3546 719 3605 τά
737 3552 859 3606 τοιαῦτα
878 3551 913 3618 V]
933 3551 1055 3605 τοιαῦτα
