2436 3870
249 874 592 948 FRAGMENTUM
625 873 898 949 EPISTOLAE.
1078 904 1130 956 288

144 1063 165 1099 δί’
198 1061 219 1098 {-
251 1061 272 1098 {-
304 1061 325 1098 ἦ·
357 1061 378 1098 ⁸1·

143 1192 257 1207 .....
289 1136 384 1225 πλήν
404 1134 448 1225 ήν
475 1143 523 1218 εἰς
549 1135 610 1207 τὸν
642 1138 781 1226 βασιλέα
809 1140 971 1209 ἐπίδωσιν
998 1138 1075 1209 ἀτα-

61 1243 223 1324 κτοῦντάς
249 1269 353 1329 τινας,
382 1240 501 1312 αὐτίκα
519 1243 608 1332 μάλα
630 1244 841 1327 κολάζουσιν·
869 1248 923 1315 ἐπὶ
942 1245 979 1314 δέ
997 1245 1076 1329 τοῦς

39 1349 102 1420 5οῦ
132 1349 334 1438 προσιόντας
359 1363 430 1431 τοῖς
456 1361 550 1431 θεοῖς
578 1352 646 1419 ἐστι
663 1376 702 1420 το
720 1354 789 1419 τῶν
816 1355 977 1442 πονηρῦν
1004 1357 1076 1422 δαι-

6 1485 16 1493 ·
59 1457 176 1545 μόνων
202 1457 403 1544 τεταγμένον
430 1458 557 1543 φῦλον,
589 1451 650 1543 ἀφ’
682 1446 730 1525 ῦν
755 1461 790 1525 ολ
814 1460 932 1526 πολλοὶ
958 1484 1075 1548 παροι-

60 1562 259 1652 στροόμενοι
290 1564 358 1629 τῦν
395 1558 510 1631 ἀθέων
547 1558 788 1634 ἀναπεόθουται
824 1566 994 1650 θανατᾶν,
1008 1561 1076 1645 «ὡς

59 1666 326 1756 ἀνακτησόμενοι
357 1666 441 1757 πρὸς
466 1666 528 1737 τὸν
555 1664 720 1757 οῦρανόν,
753 1664 835 1736 ὅταν
862 1665 1114 1758 ἀπορρήξωσιΒ

58 1773 121 1863 τήν
148 1770 260 1862 ψυχήν
286 1780 412 1861 βιαίως.
453 1775 518 1842 εἰσὶ
545 1773 583 1842 δέ
611 1780 646 1843 οἳ
670 1775 726 1844 καὶ
749 1771 821 1855 τὰς
835 1776 972 1863 ἐρημίας
999 1772 1074 1844 ἀντὶ

19 1883 128 1949 11)τῦν
168 1879 300 1950 πόλεων
341 1878 546 1967 διώκουσιν,
589 1877 686 1962 ὄντος
725 1876 931 1970 τάνθρώπου
974 1881 1074 1967 φύσει

58 1988 231 2056 πολιτικοῦ
269 1985 355 2079 ζῴου
392 1988 448 2056 καὶ
483 1982 629 2076 ήμέρον,
668 1992 824 2074 δαίμοσιν
861 1988 1074 2074 ἐνδεδυμένοι

58 2107 235 2182 πονηροῖς,
267 2089 329 2181 ὑφ’
365 2084 414 2161 ἀν
445 2097 493 2174 εἰς
523 2093 650 2180 ταύτην
687 2090 826 2180 ἀγονται
856 2089 920 2180 τήν
955 2113 1072 2180 μισαν-

56 2205 225 2289 θρωπίαν.
270 2196 334 2288 ήδη
363 2198 401 2268 δέ
428 2199 483 2268 καὶ
503 2197 608 2287 δεσμὰ
635 2200 690 2268 καὶ
709 2197 843 2281 κλοιοὺς
870 2199 1013 2288 ἐξηῦρον
1041 2203 1076 2268 ολ

56 2306 180 2375 πολλοὶΙ
208 2304 355 2374 τούτων·
394 2302 482 2374 ὀῦτω
514 2305 728 2393 πανταχόθεν
764 2302 896 2386 αὐτοὺς4
922 2302 939 2376 ὁ
972 2302 1073 2387 κακὸς

15 2424 43 2469 ¹⁵
58 2411 259 2480 συνελαύνει
297 2415 491 2504 δαίμων,
479 2401 507 2478 ῦ
539 2411 726 2481 δεδώκασιν
758 2411 890 2492 ἑκόντες
922 2411 1072 2498 ἑαυτούς,

57 2515 261 2598 ἀποστάντες
297 2520 366 2584 τῦν
403 2479 525 2586 ἀιδίάν
560 2517 617 2587 καὶ
653 2517 814 2606 σωτήρων
850 2520 951 2586 θεῶν.
997 2514 1068 2586 ἀλλ’
1091 2533 1111 2588 O

56 2620 151 2712 ὑπὲρ
173 2622 235 2711 μέν
265 2623 396 2692 τούτων
429 2618 558 2712 ἀπόχρη
589 2625 737 2727 τοσαῦτα
769 2628 888 2692 εἰπεῖν
921 2620 1005 2692 ὅθεν
1038 2620 1070 2692 δ’

56 2730 234 2816 ἐέξέβην
201 2755 250 2809 ες
275 2732 376 2798 τοῦτο
404 2728 566 2816 ἐπανήξει.

137 2841 404 2924 Δικαιοπραγίας
432 2825 495 2904 οῦν
522 2837 581 2923 τής
598 2835 660 2924 μέν
677 2832 761 2903 κατὰ
779 2832 859 2914 τοῦς
881 2833 1073 2915 πολιτικοὺς

11 2955 41 3002 20
55 2940 183 3028 νόμους
211 2938 357 3028 εὔδηλον
376 2939 427 3010 ότι
454 2940 600 3029 μελήσει
615 2954 685 3021 τοϊς
704 2939 894 3028 ἐπιτρόποις
920 2941 988 3007 τόν
1011 2939 1070 3009 πό-

117 3125 222 3174 lDe
241 3125 295 3175 hoe
313 3125 357 3175 fra
406 3129 471 3174 ento
488 3123 544 3176 τιό
564 3124 653 3190 praef.
722 3113 875 3201 σπλήν
856 3140 894 3188 ην
911 3118 950 3187 Η]
969 3118 1068 3187 πλὴνΙ

55 3187 97 3250 εἰς
115 3184 189 3256 Pet.]
211 3190 241 3242 ελ
256 3208 299 3250 τις
325 3189 330 3256 Ι
372 3189 495 3243 πίδωσιν
512 3192 579 3243 Rsk.
599 3196 626 3243 et
632 3189 683 3270 H]
703 3181 873 3243 ἐπιδόσειεν
942 3189 1071 3240 ’λθανα

53 3257 111 3309 τᾶν
128 3259 155 3308 H
175 3264 202 3309 et
221 3258 287 3313 Cob.
325 3251 459 3310 θάνατον
546 3260 579 3311 10
605 3251 700 3323 τάνθρ
702 3255 781 3310 ω’πον
804 3255 883 3322 Cob]
910 3249 1070 3323 ἀνθρώπου

55 3329 87 3376 13
111 3317 232 3405 ἐξηῦρον
251 3326 278 3376 Η
320 3318 439 3392 ἐξεῦρον
526 3330 557 3378 17
585 3322 614 3378 δ
639 3326 701 3377 add.
725 3325 791 3377 Oob
822 3326 857 3377 ef.
881 3324 966 3376 2260
1037 3327 1070 3374 20

54 3386 171 3458 μελήσει
188 3395 249 3444 Pet.
269 3391 424 3459 spanh]..
434 3408 507 3446 ..σει
