2446 3870
150 156 214 222 228
453 161 597 212 IULIANI
615 159 866 212 IMPERATORIS

106 278 110 290 ⁴
150 283 211 355 τὸν
238 284 369 376 καρπὸν
397 297 477 368 ἴσως
505 285 567 375 μὲν
594 283 638 354 άυ
664 314 713 367 τις
741 296 828 357 είποι
856 284 912 357 διά
939 285 977 356 τὸ
1006 285 1051 376 μὴ
1080 294 1168 374 γίυε-
1213 289 1218 293 ’

151 402 234 460 σθαι
270 394 346 480 περὶ
382 391 445 481 την
482 399 651 482 Φρυγίαν,
693 399 779 463 ἔνθα
814 397 950 482 πρῶτον
987 388 1004 461 ὁ
1041 392 1170 482 θεσμὸς

150 499 303 587 κατέστη·
336 501 409 587 ἐμοὶ
442 498 480 568 δὲ
512 505 607 568 δοκεῖ
635 501 762 587 μάλλον
796 495 842 580 ως
874 497 966 587 ίερὸν
997 494 1097 586 ἡλίου
1130 500 1168 569 τὸ

152 601 261 691 φυτὸν
293 601 430 695 άγήρωυ
456 633 491 674 τε
524 600 565 674 ὂν
592 601 634 673 οά
666 609 881 695 συγχωρῆσαι
912 612 1169 675 καταναλίσκειν

151 714 188 778 ἐν
215 725 287 792 ταῖς
314 702 509 798 άγιστείαις
523 717 571 792 είς
592 709 725 801 τροφὴν
752 711 912 799 σώματος.
954 713 1007 780 ε’πλ
1034 713 1195 794 τούτοιςσ

151 813 378 907 ἀπηγόρευται
406 818 545 906 ἰχθύσιν
568 814 672 887 άπασι
699 821 856 906 χρῆσθαι.
897 817 1018 887 κοινὸν
1044 820 1084 887 δέ
1099 821 1168 887 ἐστι

111 926 253 996 Οτοῦτο
277 926 333 992 καὶ
366 922 450 1014 πρὸς
476 931 687 1012 Αἰγυπτίους
713 921 751 994 τὸ
782 923 968 1012 πρόβλημα.
1009 928 1106 993 δοκεῖ
1131 924 1167 993 δὲ

150 1035 262 1117 ἔμοιγε
290 1035 390 1100 ὃυοίν
418 1033 531 1100 ἕνεκεν
549 1027 593 1099 άν
620 1058 670 1111 τις
694 1031 826 1118 ίχθύωυ
844 1029 987 1118 μάλιστα
1013 1030 1076 1119 μὲν
1104 1027 1167 1114 άεί,

149 1135 283 1217 πάντως
311 1136 348 1205 δὲ
376 1139 412 1206 ἐν
437 1151 508 1218 ταῖς
536 1131 716 1221 ἁγιστείαις
743 1133 964 1223 ἀποσχέσθαι,
991 1135 1067 1217 ἑνὸς
1093 1139 1167 1223 μέν,

151 1239 202 1310 ὅτι
229 1241 369 1327 τούτων,
398 1238 419 1309 ά
446 1241 491 1331 μὴ
508 1240 641 1329 θύομεν
667 1256 738 1322 τοῖς
755 1252 860 1327 θεοῖς,
888 1239 970 1312 οὐδὲ
998 1252 1167 1311 σιτεῖσθαι
1182 1264 1205 1303 10

151 1346 318 1435 προσήκει.
360 1349 436 1428 δέος
463 1347 501 1418 δὲ
529 1356 609 1428 ἴσως
636 1343 749 1432 οὐδέν,
776 1348 915 1437 μήκποά
942 1375 991 1429 τις
1017 1351 1168 1417 ἐνταῦθα

150 1459 263 1540 λίχνος
289 1454 345 1522 καὶ
373 1452 509 1543 γάστρις
536 1452 733 1541 ἐπιλάθηταί
757 1481 835 1542 μου,
863 1451 908 1535 ὥς
925 1481 992 1523 που
1010 1457 1067 1523 καλ
1085 1454 1168 1543 πρό-

149 1585 247 1646 τερον
275 1556 340 1649 ἤδη
368 1558 492 1628 παθῶν
519 1556 602 1629 αὐτὸ
631 1560 903 1649 διαμνημονεύω,
931 1559 1027 1647 ,Διὰ
1054 1566 1087 1629 τί
1115 1563 1168 1642 θές

151 1662 226 1753 οὐχὶ
258 1667 313 1734 καὶ
345 1666 479 1754 θύομεν
510 1662 623 1738 αὐτῶν
655 1666 813 1748 πολλάκις
843 1681 913 1746 τοῖς
949 1669 1084 1748 θεοῑς“;
1122 1658 1167 1734 εί-

150 1771 273 1853 πόντος
309 1769 465 1855 άκοάσας.
517 1768 589 1842 ἄλλ’
625 1773 757 1860 είχομέν
788 1786 820 1840 τι
858 1773 914 1841 καὶ
945 1770 1030 1861 πρὸς
1066 1775 1165 1841 τοῦτο
1180 1791 1202 1830 15

107 1884 265 1952 Βείπεϊν.
316 1880 372 1948 καλ
403 1878 535 1967 θύομέν
567 1905 619 1966 γε,
652 1885 754 1966 ἔφην,
786 1869 813 1946 τά
845 1877 999 1967 μακάριε,
1032 1884 1069 1947 ἒν
1101 1882 1167 1947 τισι

150 1993 351 2067 τελεστικαῖς
382 1992 536 2071 θυσίαις,
572 1980 618 2066 ὥς
649 1988 753 2054 ἵππου
781 1980 951 2074 Ῥωμαῖοι,
984 1979 1029 2065 ὡς
1060 1983 1167 2054 πολλά

151 2094 208 2161 καὶ
235 2089 319 2161 άλλα
337 2098 444 2181 θηρία
461 2094 518 2160 καλ
537 2094 614 2183 ζῷα,
641 2090 747 2172 κάνας
766 2099 847 2172 ἴσως
866 2087 1024 2177 Ἕλληνες
1047 2085 1167 2178 Ἑκάτη

151 2200 208 2266 καὶ
235 2193 390 2286 Ῥωμαῖοι
422 2199 472 2266 δέ·
504 2199 560 2266 καὶ
591 2194 697 2266 πολλά
728 2193 807 2286 παρ’
842 2194 957 2277 άλλοις
993 2196 1062 2264 ε’στλ
1098 2199 1168 2266 τῶν

152 2305 357 2389 τελεστικῶν,
385 2305 441 2371 καὶ
460 2308 605 2393 δημοσία
631 2317 704 2382 ταῖς
721 2302 859 2372 πόλεσιν
877 2299 964 2383 ἅπαξ
991 2305 1053 2370 τοῦ
1072 2307 1169 2383 ἔτους
1181 2321 1205 2362 20

152 2403 173 2496 ἢ
203 2408 255 2489 δὶς
272 2410 411 2477 τοιαῦτα
437 2409 585 2496 θύματα,
613 2404 686 2477 ἀλλ’
716 2405 780 2477 οάκ
798 2411 836 2477 έν
853 2423 926 2489 ταῖς
952 2415 1169 2497 τιμητηρίοις,

153 2505 202 2582 οἷν
237 2512 353 2601 μόνων
393 2528 571 2583 κοινωνεῖν
611 2511 707 2596 άξιον
742 2516 799 2600 καὶ
840 2515 1025 2604 τραπεζοῦν
1054 2518 1169 2608 θεοῖς,
1209 2561 1212 2565 -

92 2636 93 2639 ’
152 2617 233 2701 τοὺς
260 2618 297 2688 θλ
325 2619 447 2708 ἰχθύας
474 2623 511 2688 ἐν
537 2634 608 2701 ταῖς
634 2627 839 2709 τιμητηρίοις
866 2617 909 2690 οὐ
935 2618 1084 2708 θύομεν,
1117 2617 1169 2690 ὅτι

153 2725 232 2814 μήτε
264 2728 422 2815 νέμομεν,
454 2727 534 2815 μήτε
565 2729 624 2814 τῆς
655 2727 816 2813 γενέσεως
846 2723 959 2794 αὐτῶν
995 2726 1168 2814 ἐπιμελοά·

102 2843 258 2922 ιιιμεθα,
285 2832 366 2922 μήτε
384 2829 465 2922 ἡμῖν
488 2838 575 2903 εἰσιν
593 2829 708 2920 άγέλαι
734 2831 887 2922 καθάπερ
914 2831 1093 2920 προβάτων
1112 2833 1168 2902 καὶ
1182 2851 1206 2892 2⁵

153 2943 247 3032 βοάν
274 2937 363 3017 οὕτω
383 2939 421 3010 δὲ
447 2940 590 3008 καὶτῶν
617 2938 758 3028 ίχθάων.
798 2937 982 3026 ταῦταμὲν
1009 2935 1074 3027 γὰρ
1102 2933 1166 3025 ὑφ’

153 3042 249 3136 ἡμῶν
276 3044 494 3138 βοηθοάμευα
511 3043 552 3115 τά
571 3048 637 3138 ζῷα
663 3046 720 3116 καὶ
738 3044 957 3132 πληθάνοντα
984 3041 1041 3113 διά
1068 3047 1169 3114 τοῦτο

221 3253 356 3328 λάγήρω
373 3257 404 3314 τὲ
422 3252 456 3314 ὃν
474 3263 498 3312 V
566 3263 583 3311 8
602 3259 686 3312 δυοῖν
704 3257 741 3327 Η]
761 3258 856 3311 δοιοίν
926 3261 955 3309 11
975 3251 1114 3323 προσήκει
1132 3255 1170 3321 Η]
1191 3283 1193 3289 „

153 3328 281 3413 ηρορῆκε
352 3333 383 3381 13
401 3321 452 3380 διά
469 3331 501 3381 τί
514 3326 550 3395 V]
570 3319 622 3378 διά
639 3345 666 3378 τι
738 3329 769 3378 15
787 3325 904 3390 εἴχομεν
921 3323 959 3391 Η]
980 3320 1083 3444 ἔχρχιεν
1137 3327 1169 3402 lq

155 3397 326 3477 οχλληλοιςν
378 3399 484 3474 θῐοιθθ
502 3395 680 3461 τιμητηρίοις
693 3390 728 3461 V]
742 3391 925 3461 τιμητηρίαις
971 3395 1004 3443 22
1041 3393 1095 3450 vv
1122 3382 1159 3456 έφ

155 3480 195 3513 ων
221 3463 225 3528 Ι
252 3459 347 3528 μόνων
365 3462 402 3530 H]
420 3479 512 3530 μονον
536 3461 542 3528 Ι
567 3459 715 3528 τραπεζῶν
733 3467 790 3528 pet.
859 3463 892 3513 23
911 3455 1032 3528 ίχθάιις]
1050 3387 1113 3514 Vidl.
1134 3460 1170 3510 ad

150 3533 220 3580 m
292 3533 326 3582 24
341 3523 416 3598 μήτε
433 3557 467 3568 -
484 3523 556 3597 μήτε
573 3527 612 3597 Η]
632 3523 707 3597 μηδὲ
725 3555 759 3568 -
776 3523 851 3596 μηδὲ
1005 3556 1008 3559 -
