<?xml version="1.0" encoding="UTF-8"?>
<!DOCTYPE html PUBLIC "-//W3C//DTD XHTML 1.0 Transitional//EN"
    "http://www.w3.org/TR/xhtml1/DTD/xhtml1-transitional.dtd">
<html xmlns="http://www.w3.org/1999/xhtml" xml:lang="en" lang="en">
 <head>
  <title>
</title>
<meta http-equiv="Content-Type" content="text/html;charset=utf-8" />
  <meta name='ocr-system' content='tesseract 3.04.00' />
  <meta name='ocr-capabilities' content='ocr_page ocr_carea ocr_par ocr_line ocrx_word'/>
</head>
<body>
  <div class='ocr_page' id='page_1' title='image "./iulianiimperato01juligoog_0582.png"; bbox 0 0 2414 3862; ppageno 0'>
   <div class='ocr_carea' id='block_1_1' title="bbox 343 168 1076 233">
    <p class='ocr_par' dir='ltr' id='par_1_1' title="bbox 343 168 1076 233">
     <span class='ocr_line' id='line_1_1' title="bbox 343 168 1076 233; baseline 0.022 -15"><span class='ocrx_word' id='word_1_1' title='bbox 343 168 550 221; x_wconf 76' lang='lat' dir='ltr'>EPISTOLAE</span> <span class='ocrx_word' id='word_1_2' title='bbox 568 172 609 221; x_wconf 83' lang='grc' dir='ltr'><strong><em>ιι.</em></strong></span> <span class='ocrx_word' id='word_1_3' title='bbox 627 172 669 224; x_wconf 84' lang='grc' dir='ltr'><strong><em>ιι,</em></strong></span> <span class='ocrx_word' id='word_1_4' title='bbox 687 172 730 222; x_wconf 86' lang='grc' dir='ltr'><strong><em>ιι.</em></strong></span> <span class='ocrx_word' id='word_1_5' title='bbox 749 173 790 224; x_wconf 84' lang='grc' dir='ltr'><strong><em>ιι.</em></strong></span> <span class='ocrx_word' id='word_1_6' title='bbox 1013 170 1076 233; x_wconf 84' lang='grc'><strong><em>549</em></strong></span> 
     </span>
    </p>
   </div>
   <div class='ocr_carea' id='block_1_2' title="bbox 21 303 1148 2090">
    <p class='ocr_par' dir='ltr' id='par_1_2' title="bbox 21 303 1148 2090">
     <span class='ocr_line' id='line_1_2' title="bbox 60 303 1078 392; baseline 0.004 -22"><span class='ocrx_word' id='word_1_7' title='bbox 60 307 179 382; x_wconf 85' lang='grc' dir='ltr'><strong><em>εικείας</em></strong></span> <span class='ocrx_word' id='word_1_8' title='bbox 203 305 271 380; x_wconf 56' lang='grc' dir='ltr'><strong><em>,καὶ</em></strong></span> <span class='ocrx_word' id='word_1_9' title='bbox 307 308 385 389; x_wconf 86' lang='grc' dir='ltr'><strong><em>βίον</em></strong></span> <span class='ocrx_word' id='word_1_10' title='bbox 420 303 645 392; x_wconf 79' lang='grc' dir='ltr'><em>σωφροσύνης</em></span> <span class='ocrx_word' id='word_1_11' title='bbox 680 303 871 391; x_wconf 86' lang='grc' dir='ltr'><strong><em>συμφω’νως</em></strong></span> <span class='ocrx_word' id='word_1_12' title='bbox 902 304 986 392; x_wconf 90' lang='grc' dir='ltr'><strong><em>πρὸς</em></strong></span> <span class='ocrx_word' id='word_1_13' title='bbox 1014 305 1078 392; x_wconf 81' lang='grc' dir='ltr'><strong><em>τὴν</em></strong></span> 
     </span>
     <span class='ocr_line' id='line_1_3' title="bbox 58 409 1078 500; baseline 0.004 -24"><span class='ocrx_word' id='word_1_14' title='bbox 58 411 179 496; x_wconf 83' lang='grc' dir='ltr'><strong><em>τέχνην</em></strong></span> <span class='ocrx_word' id='word_1_15' title='bbox 217 415 323 497; x_wconf 82' lang='grc' dir='ltr'><strong><em>ἔχειν,</em></strong></span> <span class='ocrx_word' id='word_1_16' title='bbox 360 413 425 479; x_wconf 82' lang='grc' dir='ltr'><strong><em>νῦν</em></strong></span> <span class='ocrx_word' id='word_1_17' title='bbox 462 409 499 478; x_wconf 77' lang='grc' dir='ltr'><strong><em>δδ</em></strong></span> <span class='ocrx_word' id='word_1_18' title='bbox 530 415 702 499; x_wconf 73' lang='grc' dir='ltr'><strong><em>προσῆλθε</em></strong></span> <span class='ocrx_word' id='word_1_19' title='bbox 733 411 770 480; x_wconf 86' lang='grc' dir='ltr'><strong><em>τὸ</em></strong></span> <span class='ocrx_word' id='word_1_20' title='bbox 802 413 987 500; x_wconf 78' lang='grc' dir='ltr'><strong><em>κεφάλαιον</em></strong></span> <span class='ocrx_word' id='word_1_21' title='bbox 1018 416 1078 500; x_wconf 83' lang='grc' dir='ltr'><strong><em>τῆς</em></strong></span> 
     </span>
     <span class='ocr_line' id='line_1_4' title="bbox 59 514 1120 606; baseline 0.002 -23"><span class='ocrx_word' id='word_1_22' title='bbox 59 522 257 603; x_wconf 75' lang='grc' dir='ltr'><em>μαρτυρίας·</em></span> <span class='ocrx_word' id='word_1_23' title='bbox 298 515 360 604; x_wconf 76' lang='grc' dir='ltr'><strong><em>τὴν</em></strong></span> <span class='ocrx_word' id='word_1_24' title='bbox 391 519 460 586; x_wconf 78' lang='grc' dir='ltr'><strong><em>τῶν</em></strong></span> <span class='ocrx_word' id='word_1_25' title='bbox 483 514 729 606; x_wconf 75' lang='grc' dir='ltr'><strong><em>Ἀλεξανδρέων</em></strong></span> <span class='ocrx_word' id='word_1_26' title='bbox 759 517 859 585; x_wconf 90' lang='grc' dir='ltr'><strong><em>πόλιν</em></strong></span> <span class='ocrx_word' id='word_1_27' title='bbox 889 516 984 589; x_wconf 77' lang='grc' dir='ltr'><strong><em>ἀπὼν</em></strong></span> <span class='ocrx_word' id='word_1_28' title='bbox 1011 519 1120 586; x_wconf 79' lang='grc' dir='ltr'><strong><em>ἐπι-Β</em></strong></span> 
     </span>
     <span class='ocr_line' id='line_1_5' title="bbox 60 620 1148 713; baseline 0.003 -24"><span class='ocrx_word' id='word_1_29' title='bbox 60 623 213 709; x_wconf 83' lang='grc' dir='ltr'><strong><em>στρέφεις</em></strong></span> <span class='ocrx_word' id='word_1_30' title='bbox 240 627 288 701; x_wconf 88' lang='grc' dir='ltr'><strong><em>είς</em></strong></span> <span class='ocrx_word' id='word_1_31' title='bbox 315 621 472 691; x_wconf 72' lang='grc' dir='ltr'><strong><em>σεαυτόν*</em></strong></span> <span class='ocrx_word' id='word_1_32' title='bbox 503 627 668 691; x_wconf 75' lang='grc' dir='ltr'><strong><em>τοσοῦτον</em></strong></span> <span class='ocrx_word' id='word_1_33' title='bbox 697 620 782 713; x_wconf 76' lang='grc' dir='ltr'><strong><em>αὐτῇ</em></strong></span> <span class='ocrx_word' id='word_1_34' title='bbox 804 625 946 712; x_wconf 79' lang='grc' dir='ltr'><strong><em>κέντρον</em></strong></span> <span class='ocrx_word' id='word_1_35' title='bbox 968 622 1078 712; x_wconf 77' lang='grc' dir='ltr'><strong><em>ὥσπερ</em></strong></span> <span class='ocrx_word' id='word_1_36' title='bbox 1141 648 1148 659; x_wconf 95' lang='grc'>·</span> 
     </span>
     <span class='ocr_line' id='line_1_6' title="bbox 33 729 1078 818; baseline 0.004 -25"><span class='ocrx_word' id='word_1_37' title='bbox 33 732 193 815; x_wconf 80' lang='grc' dir='ltr'><strong><em>ιμέλιττα</em></strong></span> <span class='ocrx_word' id='word_1_38' title='bbox 220 731 464 808; x_wconf 86' lang='grc' dir='ltr'><strong><em>καταλέλοιπας.</em></strong></span> <span class='ocrx_word' id='word_1_39' title='bbox 510 729 660 809; x_wconf 88' lang='grc' dir='ltr'><strong><em>είκότως·</em></strong></span> <span class='ocrx_word' id='word_1_40' title='bbox 696 734 805 810; x_wconf 70' lang='grc' dir='ltr'><strong><em>καλῶς</em></strong></span> <span class='ocrx_word' id='word_1_41' title='bbox 832 729 896 818; x_wconf 81' lang='grc' dir='ltr'><strong><em>μάρ</em></strong></span> <span class='ocrx_word' id='word_1_42' title='bbox 921 734 1078 818; x_wconf 79' lang='grc' dir='ltr'><strong><em>είρησθαι</em></strong></span> 
     </span>
     <span class='ocr_line' id='line_1_7' title="bbox 61 832 506 929; baseline 0.004 -27"><span class='ocrx_word' id='word_1_43' title='bbox 61 837 116 903; x_wconf 84' lang='grc' dir='ltr'><strong><em>καὶ</em></strong></span> <span class='ocrx_word' id='word_1_44' title='bbox 134 832 264 925; x_wconf 80' lang='grc' dir='ltr'><strong><em>Ὁμήρῳ</em></strong></span> <span class='ocrx_word' id='word_1_45' title='bbox 288 839 383 904; x_wconf 80' lang='grc' dir='ltr'><strong><em>δοκεῖ</em></strong></span> <span class='ocrx_word' id='word_1_46' title='bbox 402 835 440 904; x_wconf 89' lang='grc' dir='ltr'><strong><em>τὸ</em></strong></span> <span class='ocrx_word' id='word_1_47' title='bbox 504 926 506 929; x_wconf 12' lang='lat' dir='ltr'>v</span> 
     </span>
     <span class='ocr_line' id='line_1_8' title="bbox 149 935 935 1030; baseline 0.005 -21"><span class='ocrx_word' id='word_1_48' title='bbox 149 935 211 1020; x_wconf 85' lang='grc' dir='ltr'><strong><em>Εἷς</em></strong></span> <span class='ocrx_word' id='word_1_49' title='bbox 232 940 347 1030; x_wconf 88' lang='grc' dir='ltr'><strong><em>ίητρδς</em></strong></span> <span class='ocrx_word' id='word_1_50' title='bbox 370 939 456 1029; x_wconf 78' lang='grc' dir='ltr'><strong><em>ἀνὴρ</em></strong></span> <span class='ocrx_word' id='word_1_51' title='bbox 478 945 612 1011; x_wconf 73' lang='grc' dir='ltr'><strong><em>πολλῶν</em></strong></span> <span class='ocrx_word' id='word_1_52' title='bbox 636 939 790 1024; x_wconf 80' lang='grc' dir='ltr'><strong><em>ἀντάξιος</em></strong></span> <span class='ocrx_word' id='word_1_53' title='bbox 813 943 935 1013; x_wconf 80' lang='grc' dir='ltr'><strong><em>ἀλλων.</em></strong></span> 
     </span>
     <span class='ocr_line' id='line_1_9' title="bbox 62 1044 1080 1136; baseline 0.002 -22"><span class='ocrx_word' id='word_1_54' title='bbox 62 1046 104 1115; x_wconf 84' lang='grc' dir='ltr'><strong><em>σὺ</em></strong></span> <span class='ocrx_word' id='word_1_55' title='bbox 125 1047 173 1116; x_wconf 62' lang='grc' dir='ltr'><strong><em>’δὲ</em></strong></span> <span class='ocrx_word' id='word_1_56' title='bbox 201 1046 263 1116; x_wconf 77' lang='grc' dir='ltr'><strong><em>οὐκ</em></strong></span> <span class='ocrx_word' id='word_1_57' title='bbox 291 1047 405 1136; x_wconf 86' lang='grc' dir='ltr'><strong><em>ἰατρὸς</em></strong></span> <span class='ocrx_word' id='word_1_58' title='bbox 432 1045 556 1135; x_wconf 80' lang='grc' dir='ltr'><strong><em>ἁπλῶς,</em></strong></span> <span class='ocrx_word' id='word_1_59' title='bbox 592 1044 757 1116; x_wconf 83' lang='grc' dir='ltr'><strong><em>ἀλλὰκαὶ</em></strong></span> <span class='ocrx_word' id='word_1_60' title='bbox 785 1050 988 1130; x_wconf 82' lang='grc' dir='ltr'><strong><em>διδάσκαλος</em></strong></span> <span class='ocrx_word' id='word_1_61' title='bbox 1009 1063 1080 1128; x_wconf 78' lang='grc' dir='ltr'><strong><em>τοῖς</em></strong></span> 
     </span>
     <span class='ocr_line' id='line_1_10' title="bbox 61 1150 1080 1251; baseline 0.002 -31"><span class='ocrx_word' id='word_1_62' title='bbox 61 1154 284 1243; x_wconf 74' lang='grc' dir='ltr'><strong><em>βουλομένοις</em></strong></span> <span class='ocrx_word' id='word_1_63' title='bbox 310 1157 370 1241; x_wconf 85' lang='grc' dir='ltr'><strong><em>τῆς</em></strong></span> <span class='ocrx_word' id='word_1_64' title='bbox 400 1154 532 1240; x_wconf 83' lang='grc' dir='ltr'><strong><em>τέχνης,</em></strong></span> <span class='ocrx_word' id='word_1_65' title='bbox 568 1151 653 1221; x_wconf 73' lang='grc' dir='ltr'><strong><em>ὥστε</em></strong></span> <span class='ocrx_word' id='word_1_66' title='bbox 684 1153 806 1251; x_wconf 79' lang='grc' dir='ltr'><strong><em>σχεδὸν</em></strong></span> <span class='ocrx_word' id='word_1_67' title='bbox 839 1150 973 1243; x_wconf 83' lang='grc' dir='ltr'><strong><em>δ-πρὸς</em></strong></span> <span class='ocrx_word' id='word_1_68' title='bbox 1000 1154 1080 1234; x_wconf 84' lang='grc' dir='ltr'><strong><em>τοὺς</em></strong></span> 
     </span>
     <span class='ocr_line' id='line_1_11' title="bbox 21 1260 1119 1347; baseline 0.008 -26"><span class='ocrx_word' id='word_1_69' title='bbox 21 1283 47 1322; x_wconf 89' lang='lat'><strong><em>10</em></strong></span> <span class='ocrx_word' id='word_1_70' title='bbox 61 1261 205 1339; x_wconf 87' lang='grc' dir='ltr'><strong><em>πολλούς</em></strong></span> <span class='ocrx_word' id='word_1_71' title='bbox 232 1265 319 1328; x_wconf 90' lang='grc' dir='ltr'><strong><em>είσιν</em></strong></span> <span class='ocrx_word' id='word_1_72' title='bbox 347 1263 383 1327; x_wconf 91' lang='grc' dir='ltr'><strong><em>οί</em></strong></span> <span class='ocrx_word' id='word_1_73' title='bbox 408 1263 531 1347; x_wconf 87' lang='grc' dir='ltr'><strong><em>ίατροί,</em></strong></span> <span class='ocrx_word' id='word_1_74' title='bbox 563 1261 662 1327; x_wconf 80' lang='grc' dir='ltr'><strong><em>τοῦτο</em></strong></span> <span class='ocrx_word' id='word_1_75' title='bbox 686 1261 826 1340; x_wconf 83' lang='grc' dir='ltr'><strong><em>ἐκείνοις</em></strong></span> <span class='ocrx_word' id='word_1_76' title='bbox 849 1260 901 1329; x_wconf 84' lang='grc' dir='ltr'><strong><em>ου’.</em></strong></span> <span class='ocrx_word' id='word_1_77' title='bbox 946 1260 1017 1329; x_wconf 83' lang='grc' dir='ltr'><strong><em>λύει</em></strong></span> <span class='ocrx_word' id='word_1_78' title='bbox 1042 1262 1119 1330; x_wconf 76' lang='grc' dir='ltr'><strong><em>δέῦ</em></strong></span> 
     </span>
     <span class='ocr_line' id='line_1_12' title="bbox 62 1363 1119 1493; baseline 0 -60"><span class='ocrx_word' id='word_1_79' title='bbox 62 1385 115 1433; x_wconf 91' lang='grc' dir='ltr'><strong><em>σοι</em></strong></span> <span class='ocrx_word' id='word_1_80' title='bbox 142 1364 205 1454; x_wconf 83' lang='grc' dir='ltr'><strong><em>τὴν</em></strong></span> <span class='ocrx_word' id='word_1_81' title='bbox 231 1365 346 1493; x_wconf 72' lang='grc' dir='ltr'><strong><em>φυγὴν</em></strong></span> <span class='ocrx_word' id='word_1_82' title='bbox 368 1363 463 1432; x_wconf 84' lang='grc' dir='ltr'><strong><em>καὶ</em></strong></span> <span class='ocrx_word' id='word_1_83' title='bbox 445 1393 466 1451; x_wconf 97' lang='grc' dir='ltr'><strong><em>η</em></strong></span> <span class='ocrx_word' id='word_1_84' title='bbox 490 1363 658 1452; x_wconf 85' lang='grc' dir='ltr'><strong><em>πρόφασις</em></strong></span> <span class='ocrx_word' id='word_1_85' title='bbox 680 1363 779 1453; x_wconf 81' lang='grc' dir='ltr'><strong><em>αὐτή,</em></strong></span> <span class='ocrx_word' id='word_1_86' title='bbox 806 1368 863 1434; x_wconf 82' lang='grc' dir='ltr'><strong><em>καὶ</em></strong></span> <span class='ocrx_word' id='word_1_87' title='bbox 886 1365 989 1453; x_wconf 83' lang='grc' dir='ltr'><strong><em>μάλα</em></strong></span> <span class='ocrx_word' id='word_1_88' title='bbox 997 1375 1077 1452; x_wconf 90' lang='grc' dir='ltr'><strong><em>λαμ-</em></strong></span> <span class='ocrx_word' id='word_1_89' title='bbox 1093 1392 1119 1433; x_wconf 83' lang='lat'><strong><em>85</em></strong></span> 
     </span>
     <span class='ocr_line' id='line_1_13' title="bbox 61 1468 1079 1599; baseline 0.001 -61"><span class='ocrx_word' id='word_1_90' title='bbox 61 1475 173 1598; x_wconf 77' lang='grc' dir='ltr'><strong><em>πρῶς.</em></strong></span> <span class='ocrx_word' id='word_1_91' title='bbox 184 1475 229 1538; x_wconf 87' lang='grc' dir='ltr'><strong><em>εί</em></strong></span> <span class='ocrx_word' id='word_1_92' title='bbox 235 1470 300 1559; x_wconf 76' lang='grc' dir='ltr'><strong><em>γὰρ</em></strong></span> <span class='ocrx_word' id='word_1_93' title='bbox 319 1470 376 1538; x_wconf 84' lang='grc' dir='ltr'><strong><em>διὰ</em></strong></span> <span class='ocrx_word' id='word_1_94' title='bbox 389 1471 561 1559; x_wconf 78' lang='grc' dir='ltr'><strong><em>Γεωργιον</em></strong></span> <span class='ocrx_word' id='word_1_95' title='bbox 580 1472 792 1558; x_wconf 80' lang='grc' dir='ltr'><strong><em>μετέστης</em></strong></span> <span class='ocrx_word' id='word_1_96' title='bbox 752 1498 811 1559; x_wconf 90' lang='grc' dir='ltr'><strong><em>της</em></strong></span> <span class='ocrx_word' id='word_1_97' title='bbox 821 1468 1079 1599; x_wconf 76' lang='grc' dir='ltr'><strong><em>Ἀλεξανδρείας,</em></strong></span> 
     </span>
     <span class='ocr_line' id='line_1_14' title="bbox 62 1573 1079 1664; baseline 0.002 -20"><span class='ocrx_word' id='word_1_98' title='bbox 62 1573 105 1644; x_wconf 88' lang='lat'><strong><em>06</em></strong></span> <span class='ocrx_word' id='word_1_99' title='bbox 133 1581 269 1657; x_wconf 78' lang='grc' dir='ltr'><strong><em>δικαίως</em></strong></span> <span class='ocrx_word' id='word_1_100' title='bbox 296 1579 465 1664; x_wconf 81' lang='grc' dir='ltr'><strong><em>μετέστης,</em></strong></span> <span class='ocrx_word' id='word_1_101' title='bbox 501 1579 556 1645; x_wconf 80' lang='grc' dir='ltr'><strong><em>καί</em></strong></span> <span class='ocrx_word' id='word_1_102' title='bbox 585 1574 824 1646; x_wconf 79' lang='grc' dir='ltr'><strong><em>δικαιότατα’”</em></strong></span> <span class='ocrx_word' id='word_1_103' title='bbox 803 1604 847 1645; x_wconf 90' lang='grc' dir='ltr'><strong><em>αν</em></strong></span> <span class='ocrx_word' id='word_1_104' title='bbox 875 1577 981 1645; x_wconf 82' lang='grc' dir='ltr'><strong><em>ὀπίσω</em></strong></span> <span class='ocrx_word' id='word_1_105' title='bbox 1004 1604 1079 1646; x_wconf 90' lang='grc' dir='ltr'><strong><em>κατ-</em></strong></span> 
     </span>
     <span class='ocr_line' id='line_1_15' title="bbox 62 1682 1079 1810; baseline 0 -60"><span class='ocrx_word' id='word_1_106' title='bbox 62 1684 184 1763; x_wconf 87' lang='grc' dir='ltr'><strong><em>έλθοις.</em></strong></span> <span class='ocrx_word' id='word_1_107' title='bbox 217 1683 332 1751; x_wconf 86' lang='grc' dir='ltr'><strong><em>κάτιθι</em></strong></span> <span class='ocrx_word' id='word_1_108' title='bbox 354 1691 473 1753; x_wconf 88' lang='grc' dir='ltr'><strong><em>τοίνυν</em></strong></span> <span class='ocrx_word' id='word_1_109' title='bbox 496 1685 644 1770; x_wconf 79' lang='grc' dir='ltr'><strong><em>ἐπίτιμος</em></strong></span> <span class='ocrx_word' id='word_1_110' title='bbox 665 1682 781 1751; x_wconf 82' lang='grc' dir='ltr'><strong><em>καὶτο</em></strong></span> <span class='ocrx_word' id='word_1_111' title='bbox 804 1683 971 1810; x_wconf 87' lang='grc' dir='ltr'><strong><em>πρότερον</em></strong></span> <span class='ocrx_word' id='word_1_112' title='bbox 994 1688 1079 1769; x_wconf 87' lang='grc' dir='ltr'><strong><em>έχων</em></strong></span> 
     </span>
     <span class='ocr_line' id='line_1_16' title="bbox 23 1786 1079 1877; baseline -0.002 -18"><span class='ocrx_word' id='word_1_113' title='bbox 23 1820 47 1859; x_wconf 79' lang='grc' dir='ltr'><strong><em>ιτ</em></strong></span> <span class='ocrx_word' id='word_1_114' title='bbox 62 1787 205 1876; x_wconf 80' lang='grc' dir='ltr'><strong><em>ἀξίωμα,</em></strong></span> <span class='ocrx_word' id='word_1_115' title='bbox 238 1787 338 1858; x_wconf 71' lang='lat'>662‘</span> <span class='ocrx_word' id='word_1_116' title='bbox 321 1805 402 1876; x_wconf 82' lang='grc' dir='ltr'><strong><em>ημῖν</em></strong></span> <span class='ocrx_word' id='word_1_117' title='bbox 429 1788 527 1876; x_wconf 80' lang='grc' dir='ltr'><strong><em>κοινὴ</em></strong></span> <span class='ocrx_word' id='word_1_118' title='bbox 554 1813 621 1876; x_wconf 86' lang='grc' dir='ltr'><strong><em>παρ</em></strong></span> <span class='ocrx_word' id='word_1_119' title='bbox 624 1786 922 1876; x_wconf 81' lang='grc' dir='ltr'><strong><em>’ἀμφοτέροις’</em></strong></span> <span class='ocrx_word' id='word_1_120' title='bbox 881 1816 976 1877; x_wconf 86' lang='grc' dir='ltr'><strong><em>χαρις</em></strong></span> <span class='ocrx_word' id='word_1_121' title='bbox 999 1786 1079 1857; x_wconf 86' lang='grc' dir='ltr'><strong><em>ἀπο-</em></strong></span> 
     </span>
     <span class='ocr_line' id='line_1_17' title="bbox 62 1892 1078 1983; baseline -0.001 -20"><span class='ocrx_word' id='word_1_122' title='bbox 62 1902 203 1981; x_wconf 85' lang='grc' dir='ltr'><strong><em>κείσθω,</em></strong></span> <span class='ocrx_word' id='word_1_123' title='bbox 224 1892 489 1983; x_wconf 82' lang='grc' dir='ltr'><strong><em>Ἀλεξανδρεῦσι</em></strong></span> <span class='ocrx_word' id='word_1_124' title='bbox 496 1894 558 1981; x_wconf 72' lang='grc' dir='ltr'><strong><em>μέν</em></strong></span> <span class='ocrx_word' id='word_1_125' title='bbox 582 1895 740 1982; x_wconf 84' lang='grc' dir='ltr'><strong><em>Ζήνωνα,</em></strong></span> <span class='ocrx_word' id='word_1_126' title='bbox 763 1895 818 1963; x_wconf 82' lang='grc' dir='ltr'><strong><em>σοὶ</em></strong></span> <span class='ocrx_word' id='word_1_127' title='bbox 843 1894 879 1962; x_wconf 73' lang='grc' dir='ltr'><strong><em>δὲ</em></strong></span> <span class='ocrx_word' id='word_1_128' title='bbox 902 1892 1078 1965; x_wconf 78' lang='grc' dir='ltr'><strong><em>ἀποδοῦσα</em></strong></span> 
     </span>
     <span class='ocr_line' id='line_1_18' title="bbox 62 1999 405 2090; baseline 0 -22"><span class='ocrx_word' id='word_1_129' title='bbox 62 2001 125 2087; x_wconf 77' lang='grc' dir='ltr'><strong><em>τὴν</em></strong></span> <span class='ocrx_word' id='word_1_130' title='bbox 145 1999 405 2090; x_wconf 79' lang='grc' dir='ltr'><strong><em>Ἀλεξάνδρειαν.</em></strong></span> 
     </span>
    </p>
   </div>
   <div class='ocr_carea' id='block_1_3' title="bbox 404 2209 721 2322">
    <p class='ocr_par' dir='ltr' id='par_1_3' title="bbox 404 2209 721 2322">
     <span class='ocr_line' id='line_1_19' title="bbox 404 2209 721 2322; baseline -0.006 -20"><span class='ocrx_word' id='word_1_131' title='bbox 404 2209 482 2319; x_wconf 76' lang='grc' dir='ltr'><strong><em>με’.</em></strong></span> <span class='ocrx_word' id='word_1_132' title='bbox 527 2229 721 2322; x_wconf 80' lang='grc' dir='ltr'><strong><em>Εὐαρμίῳ.</em></strong></span> 
     </span>
    </p>
   </div>
   <div class='ocr_carea' id='block_1_4' title="bbox 2 2370 1161 2888">
    <p class='ocr_par' dir='ltr' id='par_1_4' title="bbox 2 2370 1161 2888">
     <span class='ocr_line' id='line_1_20' title="bbox 152 2370 1080 2463; baseline 0.003 -23"><span class='ocrx_word' id='word_1_133' title='bbox 152 2378 417 2460; x_wconf 79' lang='grc' dir='ltr'><strong><em>Συγκτησείδιον</em></strong></span> <span class='ocrx_word' id='word_1_134' title='bbox 441 2373 561 2462; x_wconf 90' lang='grc' dir='ltr'><strong><em>μικρὸν</em></strong></span> <span class='ocrx_word' id='word_1_135' title='bbox 585 2370 699 2463; x_wconf 77' lang='grc' dir='ltr'><strong><em>ἀγρῶν</em></strong></span> <span class='ocrx_word' id='word_1_136' title='bbox 719 2372 885 2461; x_wconf 78' lang='grc' dir='ltr'><strong><em>τεττάρων</em></strong></span> <span class='ocrx_word' id='word_1_137' title='bbox 905 2376 1080 2443; x_wconf 78' lang='grc' dir='ltr'><strong><em>δοθέντων</em></strong></span> 
     </span>
     <span class='ocr_line' id='line_1_21' title="bbox 2 2477 1161 2569; baseline -0.001 -20"><span class='ocrx_word' id='word_1_138' title='bbox 2 2510 49 2560; x_wconf 58' lang='grc' dir='ltr'><strong><em>,το</em></strong></span> <span class='ocrx_word' id='word_1_139' title='bbox 63 2505 120 2567; x_wconf 93' lang='grc' dir='ltr'><strong><em>μοι</em></strong></span> <span class='ocrx_word' id='word_1_140' title='bbox 152 2478 241 2567; x_wconf 85' lang='grc' dir='ltr'><strong><em>παρὰ</em></strong></span> <span class='ocrx_word' id='word_1_141' title='bbox 268 2483 327 2565; x_wconf 78' lang='grc' dir='ltr'><strong><em>τῆς</em></strong></span> <span class='ocrx_word' id='word_1_142' title='bbox 352 2477 460 2566; x_wconf 80' lang='grc' dir='ltr'><strong><em>τήθης</em></strong></span> <span class='ocrx_word' id='word_1_143' title='bbox 489 2481 527 2546; x_wconf 88' lang='grc' dir='ltr'><strong><em>έν</em></strong></span> <span class='ocrx_word' id='word_1_144' title='bbox 552 2483 603 2568; x_wconf 78' lang='grc' dir='ltr'><strong><em>τῇ</em></strong></span> <span class='ocrx_word' id='word_1_145' title='bbox 617 2486 766 2569; x_wconf 77' lang='grc' dir='ltr'><strong><em>Βιθυνίᾳ</em></strong></span> <span class='ocrx_word' id='word_1_146' title='bbox 793 2484 833 2568; x_wconf 75' lang='grc' dir='ltr'><strong><em>τῇ</em></strong></span> <span class='ocrx_word' id='word_1_147' title='bbox 862 2484 904 2569; x_wconf 77' lang='grc' dir='ltr'><strong><em>σῇ</em></strong></span> <span class='ocrx_word' id='word_1_148' title='bbox 928 2481 1078 2548; x_wconf 87' lang='grc' dir='ltr'><strong><em>διαθέσει</em></strong></span> <span class='ocrx_word' id='word_1_149' title='bbox 1157 2478 1161 2484; x_wconf 32' lang='lat'><strong>¹</strong></span> 
     </span>
     <span class='ocr_line' id='line_1_22' title="bbox 64 2583 1078 2675; baseline 0.003 -23"><span class='ocrx_word' id='word_1_150' title='bbox 64 2589 177 2674; x_wconf 77' lang='grc' dir='ltr'><strong><em>δῶρον</em></strong></span> <span class='ocrx_word' id='word_1_151' title='bbox 204 2589 343 2672; x_wconf 87' lang='grc' dir='ltr'><strong><em>δίδωμι,</em></strong></span> <span class='ocrx_word' id='word_1_152' title='bbox 373 2591 513 2654; x_wconf 77' lang='grc' dir='ltr'><strong><em>έλαττον</em></strong></span> <span class='ocrx_word' id='word_1_153' title='bbox 540 2587 603 2671; x_wconf 76' lang='grc' dir='ltr'><strong><em>μέν</em></strong></span> <span class='ocrx_word' id='word_1_154' title='bbox 625 2583 650 2672; x_wconf 77' lang='grc' dir='ltr'><strong><em>ἢ</em></strong></span> <span class='ocrx_word' id='word_1_155' title='bbox 679 2584 763 2654; x_wconf 78' lang='grc' dir='ltr'><strong><em>ὥστε</em></strong></span> <span class='ocrx_word' id='word_1_156' title='bbox 786 2585 895 2674; x_wconf 78' lang='grc' dir='ltr'><strong><em>ἄνδρα</em></strong></span> <span class='ocrx_word' id='word_1_157' title='bbox 920 2588 967 2666; x_wconf 89' lang='grc' dir='ltr'><strong><em>είς</em></strong></span> <span class='ocrx_word' id='word_1_158' title='bbox 988 2613 1078 2675; x_wconf 83' lang='grc' dir='ltr'><strong><em>περι-</em></strong></span> 
     </span>
     <span class='ocr_line' id='line_1_23' title="bbox 64 2689 1131 2780; baseline 0.004 -20"><span class='ocrx_word' id='word_1_159' title='bbox 64 2697 185 2760; x_wconf 89' lang='grc' dir='ltr'><strong><em>ουσίαν</em></strong></span> <span class='ocrx_word' id='word_1_160' title='bbox 208 2689 332 2778; x_wconf 82' lang='grc' dir='ltr'><strong><em>ὀυησαί</em></strong></span> <span class='ocrx_word' id='word_1_161' title='bbox 350 2719 382 2759; x_wconf 87' lang='grc' dir='ltr'><strong><em>τι</em></strong></span> <span class='ocrx_word' id='word_1_162' title='bbox 404 2693 488 2780; x_wconf 79' lang='grc' dir='ltr'><strong><em>μέγα</em></strong></span> <span class='ocrx_word' id='word_1_163' title='bbox 510 2694 566 2762; x_wconf 81' lang='grc' dir='ltr'><strong><em>καὶ</em></strong></span> <span class='ocrx_word' id='word_1_164' title='bbox 589 2690 761 2780; x_wconf 81' lang='grc' dir='ltr'><strong><em>ἀποφῆναι</em></strong></span> <span class='ocrx_word' id='word_1_165' title='bbox 785 2690 917 2780; x_wconf 75' lang='grc' dir='ltr'><strong><em>ὄλβιον,</em></strong></span> <span class='ocrx_word' id='word_1_166' title='bbox 940 2698 1018 2779; x_wconf 80' lang='grc' dir='ltr'><strong><em>ἔχον</em></strong></span> <span class='ocrx_word' id='word_1_167' title='bbox 1041 2692 1131 2763; x_wconf 73' lang='grc' dir='ltr'><strong><em>δὲ4ει</em></strong></span> 
     </span>
     <span class='ocr_line' id='line_1_24' title="bbox 10 2795 1079 2888; baseline 0 -22"><span class='ocrx_word' id='word_1_168' title='bbox 10 2812 13 2818; x_wconf 88' lang='grc'><strong>’</strong></span> <span class='ocrx_word' id='word_1_169' title='bbox 64 2795 144 2866; x_wconf 78' lang='grc' dir='ltr'><strong><em>οὐδὲ</em></strong></span> <span class='ocrx_word' id='word_1_170' title='bbox 176 2795 221 2879; x_wconf 72' lang='lat'><strong><em>63</em></strong></span> <span class='ocrx_word' id='word_1_171' title='bbox 252 2798 462 2867; x_wconf 84' lang='grc' dir='ltr'><strong><em>παντάπασιν</em></strong></span> <span class='ocrx_word' id='word_1_172' title='bbox 494 2797 617 2888; x_wconf 79' lang='grc' dir='ltr'><strong><em>ἀτερπῆ</em></strong></span> <span class='ocrx_word' id='word_1_173' title='bbox 649 2799 712 2886; x_wconf 81' lang='grc' dir='ltr'><strong><em>τὴν</em></strong></span> <span class='ocrx_word' id='word_1_174' title='bbox 745 2799 860 2885; x_wconf 87' lang='grc' dir='ltr'><strong><em>δόσιν,</em></strong></span> <span class='ocrx_word' id='word_1_175' title='bbox 897 2808 931 2866; x_wconf 87' lang='grc' dir='ltr'><strong><em>εί</em></strong></span> <span class='ocrx_word' id='word_1_176' title='bbox 958 2818 1012 2868; x_wconf 93' lang='grc' dir='ltr'><strong><em>σοι</em></strong></span> <span class='ocrx_word' id='word_1_177' title='bbox 1039 2799 1079 2866; x_wconf 82' lang='grc' dir='ltr'><strong><em>τὰ</em></strong></span> 
     </span>
    </p>
   </div>
   <div class='ocr_carea' id='block_1_5' title="bbox 61 2970 1080 3586">
    <p class='ocr_par' dir='ltr' id='par_1_5' title="bbox 61 2970 1080 3583">
     <span class='ocr_line' id='line_1_25' title="bbox 133 2970 1080 3047; baseline -0.002 -17"><span class='ocrx_word' id='word_1_178' title='bbox 133 2983 145 3030; x_wconf 94' lang='grc'><strong>1</strong></span> <span class='ocrx_word' id='word_1_179' title='bbox 166 2978 232 3047; x_wconf 84' lang='grc' dir='ltr'><strong><em>βιου</em></strong></span> <span class='ocrx_word' id='word_1_180' title='bbox 251 2970 399 3045; x_wconf 74' lang='grc' dir='ltr'><strong><em>σώφρονος</em></strong></span> <span class='ocrx_word' id='word_1_181' title='bbox 418 2981 479 3030; x_wconf 75' lang='lat' dir='ltr'><strong>Bar.</strong></span> <span class='ocrx_word' id='word_1_182' title='bbox 510 2973 790 3058; x_wconf 75' lang='grc' dir='ltr'><strong><em>οέηκατοιλέλοιπας</em></strong></span> <span class='ocrx_word' id='word_1_183' title='bbox 802 2978 947 3042; x_wconf 77' lang='lat' dir='ltr'><strong>Wyttenb</strong></span> <span class='ocrx_word' id='word_1_184' title='bbox 959 2978 994 3028; x_wconf 84' lang='grc' dir='ltr'><strong><em>οδ</em></strong></span> <span class='ocrx_word' id='word_1_185' title='bbox 1006 2978 1080 3030; x_wconf 81' lang='lat' dir='ltr'><strong>Plut</strong></span> 
     </span>
     <span class='ocr_line' id='line_1_26' title="bbox 61 3045 1079 3112; baseline -0.003 -13"><span class='ocrx_word' id='word_1_186' title='bbox 61 3049 142 3103; x_wconf 81' lang='lat' dir='ltr'>des.</span> <span class='ocrx_word' id='word_1_187' title='bbox 160 3048 194 3099; x_wconf 90' lang='lat' dir='ltr'><strong><em>N.</em></strong></span> <span class='ocrx_word' id='word_1_188' title='bbox 213 3047 293 3098; x_wconf 84' lang='lat' dir='ltr'><strong>vind.</strong></span> <span class='ocrx_word' id='word_1_189' title='bbox 311 3049 371 3112; x_wconf 72' lang='grc' dir='ltr'><strong><em>μί</em></strong></span> <span class='ocrx_word' id='word_1_190' title='bbox 446 3049 461 3097; x_wconf 83' lang='grc'><strong>6</strong></span> <span class='ocrx_word' id='word_1_191' title='bbox 488 3064 520 3099; x_wconf 89' lang='grc' dir='ltr'><strong><em>το</em></strong></span> <span class='ocrx_word' id='word_1_192' title='bbox 541 3046 600 3103; x_wconf 80' lang='lat' dir='ltr'><strong>add.</strong></span> <span class='ocrx_word' id='word_1_193' title='bbox 619 3047 662 3096; x_wconf 88' lang='lat' dir='ltr'><strong><em>Pk</em></strong></span> <span class='ocrx_word' id='word_1_194' title='bbox 736 3045 858 3097; x_wconf 68' lang='lat' dir='ltr'><strong>vlliad.</strong></span> <span class='ocrx_word' id='word_1_195' title='bbox 878 3047 908 3108; x_wconf 87' lang='grc' dir='ltr'><strong><em>λ,</em></strong></span> <span class='ocrx_word' id='word_1_196' title='bbox 926 3047 978 3096; x_wconf 78' lang='lat'><strong><em>614</em></strong></span> <span class='ocrx_word' id='word_1_197' title='bbox 1048 3050 1079 3096; x_wconf 80' lang='lat'><strong><em>12</em></strong></span> 
     </span>
     <span class='ocr_line' id='line_1_27' title="bbox 63 3081 1076 3196; baseline -0.005 -29"><span class='ocrx_word' id='word_1_198' title='bbox 63 3107 209 3196; x_wconf 76' lang='grc' dir='ltr'><strong><em>Γεῶρηιον</em></strong></span> <span class='ocrx_word' id='word_1_199' title='bbox 222 3113 294 3180; x_wconf 78' lang='lat' dir='ltr'><strong>Bar]</strong></span> <span class='ocrx_word' id='word_1_200' title='bbox 315 3113 460 3194; x_wconf 78' lang='grc' dir='ltr'><strong><em>Γεωρνίας</em></strong></span> <span class='ocrx_word' id='word_1_201' title='bbox 496 3118 529 3167; x_wconf 76' lang='lat'><strong><em>15</em></strong></span> <span class='ocrx_word' id='word_1_202' title='bbox 545 3132 603 3181; x_wconf 87' lang='grc' dir='ltr'><strong><em>παρ</em></strong></span> <span class='ocrx_word' id='word_1_203' title='bbox 608 3081 1025 3195; x_wconf 80' lang='grc' dir='ltr'><strong><em>’ἀμφοτέροις-ἀποκείσθω</em></strong></span> <span class='ocrx_word' id='word_1_204' title='bbox 1037 3113 1076 3180; x_wconf 81' lang='lat' dir='ltr'><strong><em>H]</em></strong></span> 
     </span>
     <span class='ocr_line' id='line_1_28' title="bbox 61 3171 1078 3249; baseline -0.004 -15"><span class='ocrx_word' id='word_1_205' title='bbox 61 3176 135 3249; x_wconf 77' lang='grc' dir='ltr'><strong><em>πρὸς</em></strong></span> <span class='ocrx_word' id='word_1_206' title='bbox 152 3175 373 3248; x_wconf 83' lang='grc' dir='ltr'><strong><em>ἀμφοτέρους-</em></strong></span> <span class='ocrx_word' id='word_1_207' title='bbox 381 3175 559 3235; x_wconf 84' lang='grc' dir='ltr'><strong><em>ἀντικείοθω</em></strong></span> <span class='ocrx_word' id='word_1_208' title='bbox 630 3184 661 3233; x_wconf 87' lang='grc'><strong><em>18</em></strong></span> <span class='ocrx_word' id='word_1_209' title='bbox 680 3171 816 3248; x_wconf 79' lang='grc' dir='ltr'><strong><em>Εάαηρίῳ</em></strong></span> <span class='ocrx_word' id='word_1_210' title='bbox 840 3180 960 3238; x_wconf 81' lang='lat' dir='ltr'><strong>additum</strong></span> <span class='ocrx_word' id='word_1_211' title='bbox 979 3197 994 3232; x_wconf 84' lang='lat' dir='ltr'>e</span> <span class='ocrx_word' id='word_1_212' title='bbox 1012 3181 1078 3232; x_wconf 78' lang='lat' dir='ltr'><strong><em>GPh</em></strong></span> 
     </span>
     <span class='ocr_line' id='line_1_29' title="bbox 63 3231 1077 3328; baseline -0.002 -27"><span class='ocrx_word' id='word_1_213' title='bbox 63 3255 95 3307; x_wconf 88' lang='grc'><strong><em>19</em></strong></span> <span class='ocrx_word' id='word_1_214' title='bbox 114 3265 220 3317; x_wconf 82' lang='grc' dir='ltr'><strong><em>συγκτη</em></strong></span> <span class='ocrx_word' id='word_1_215' title='bbox 223 3249 376 3314; x_wconf 71' lang='grc' dir='ltr'><strong><em>σίδιονίλ,</em></strong></span> <span class='ocrx_word' id='word_1_216' title='bbox 405 3242 440 3302; x_wconf 87' lang='lat'><strong><em>66</em></strong></span> <span class='ocrx_word' id='word_1_217' title='bbox 460 3249 628 3317; x_wconf 86' lang='grc' dir='ltr'><strong><em>κτησείδιον</em></strong></span> <span class='ocrx_word' id='word_1_218' title='bbox 647 3265 679 3312; x_wconf 82' lang='lat' dir='ltr'><strong><em>v,</em></strong></span> <span class='ocrx_word' id='word_1_219' title='bbox 708 3231 921 3328; x_wconf 76' lang='grc' dir='ltr'><strong><em>υηιιτησείδιον</em></strong></span> <span class='ocrx_word' id='word_1_220' title='bbox 931 3249 987 3311; x_wconf 86' lang='lat' dir='ltr'><strong><em>Pk,</em></strong></span> <span class='ocrx_word' id='word_1_221' title='bbox 1010 3266 1077 3316; x_wconf 86' lang='grc' dir='ltr'><strong><em>κτη-</em></strong></span> 
     </span>
     <span class='ocr_line' id='line_1_30' title="bbox 62 3287 1078 3398; baseline -0.005 -27"><span class='ocrx_word' id='word_1_222' title='bbox 62 3318 174 3371; x_wconf 84' lang='grc' dir='ltr'><strong><em>σείδιον</em></strong></span> <span class='ocrx_word' id='word_1_223' title='bbox 192 3319 234 3368; x_wconf 91' lang='lat' dir='ltr'><strong><em>Ph</em></strong></span> <span class='ocrx_word' id='word_1_224' title='bbox 249 3318 254 3385; x_wconf 87' lang='grc' dir='ltr'>Ι</span> <span class='ocrx_word' id='word_1_225' title='bbox 270 3287 421 3370; x_wconf 86' lang='grc' dir='ltr'><strong><em>δοθέντων</em></strong></span> <span class='ocrx_word' id='word_1_226' title='bbox 439 3335 488 3384; x_wconf 90' lang='grc' dir='ltr'><strong><em>μοι</em></strong></span> <span class='ocrx_word' id='word_1_227' title='bbox 507 3321 568 3370; x_wconf 81' lang='lat' dir='ltr'><strong>Bar.</strong></span> <span class='ocrx_word' id='word_1_228' title='bbox 588 3313 639 3382; x_wconf 66' lang='lat' dir='ltr'><strong><em>Ph]</em></strong></span> <span class='ocrx_word' id='word_1_229' title='bbox 659 3287 826 3370; x_wconf 76' lang='grc' dir='ltr'><strong><em>δοκούντων</em></strong></span> <span class='ocrx_word' id='word_1_230' title='bbox 846 3311 942 3383; x_wconf 74' lang='grc' dir='ltr'><strong><em>λαβών</em></strong></span> <span class='ocrx_word' id='word_1_231' title='bbox 959 3332 991 3398; x_wconf 81' lang='lat' dir='ltr'><strong><em>v,</em></strong></span> <span class='ocrx_word' id='word_1_232' title='bbox 1015 3309 1078 3395; x_wconf 64' lang='grc' dir='ltr'><strong><em>ἐμοὶ</em></strong></span> 
     </span>
     <span class='ocr_line' id='line_1_31' title="bbox 63 3376 1079 3505; baseline -0.004 -67"><span class='ocrx_word' id='word_1_233' title='bbox 63 3388 175 3448; x_wconf 77' lang='lat' dir='ltr'>(omisso</span> <span class='ocrx_word' id='word_1_234' title='bbox 194 3381 357 3505; x_wconf 76' lang='grc' dir='ltr'><strong><em>δοθέντων)</em></strong></span> <span class='ocrx_word' id='word_1_235' title='bbox 376 3387 400 3436; x_wconf 85' lang='lat' dir='ltr'>G</span> <span class='ocrx_word' id='word_1_236' title='bbox 419 3386 512 3438; x_wconf 75' lang='lat'>0606.</span> <span class='ocrx_word' id='word_1_237' title='bbox 530 3389 564 3437; x_wconf 89' lang='grc'><strong><em>90</em></strong></span> <span class='ocrx_word' id='word_1_238' title='bbox 632 3388 666 3436; x_wconf 76' lang='lat'><strong><em>20</em></strong></span> <span class='ocrx_word' id='word_1_239' title='bbox 688 3384 758 3437; x_wconf 82' lang='grc' dir='ltr'><strong><em>τίτθ</em></strong></span> <span class='ocrx_word' id='word_1_240' title='bbox 758 3384 852 3450; x_wconf 74' lang='grc' dir='ltr'><strong><em>ηςΡΙι</em></strong></span> <span class='ocrx_word' id='word_1_241' title='bbox 921 3376 986 3434; x_wconf 77' lang='lat'><strong><em>22’</em></strong></span> <span class='ocrx_word' id='word_1_242' title='bbox 972 3381 1079 3452; x_wconf 82' lang='grc' dir='ltr'><strong><em>ονῆοαι</em></strong></span> 
     </span>
     <span class='ocr_line' id='line_1_32' title="bbox 61 3440 1078 3536; baseline -0.004 -30"><span class='ocrx_word' id='word_1_243' title='bbox 61 3447 256 3535; x_wconf 64' lang='lat' dir='ltr'><strong>Horkeliuslb</strong></span> <span class='ocrx_word' id='word_1_244' title='bbox 239 3467 379 3536; x_wconf 89' lang='grc' dir='ltr'><strong><em>ννοηοαι</em></strong></span> <span class='ocrx_word' id='word_1_245' title='bbox 411 3454 416 3518; x_wconf 85' lang='grc' dir='ltr'>Ι</span> <span class='ocrx_word' id='word_1_246' title='bbox 449 3449 494 3520; x_wconf 88' lang='grc' dir='ltr'><strong><em>δε]</em></strong></span> <span class='ocrx_word' id='word_1_247' title='bbox 518 3444 548 3506; x_wconf 84' lang='grc' dir='ltr'><strong><em>δ’</em></strong></span> <span class='ocrx_word' id='word_1_248' title='bbox 568 3441 604 3506; x_wconf 82' lang='lat'><strong><em>66</em></strong></span> <span class='ocrx_word' id='word_1_249' title='bbox 624 3453 711 3504; x_wconf 80' lang='lat' dir='ltr'><strong>Hreh</strong></span> <span class='ocrx_word' id='word_1_250' title='bbox 782 3455 814 3505; x_wconf 75' lang='lat'><strong><em>23</em></strong></span> <span class='ocrx_word' id='word_1_251' title='bbox 838 3440 938 3504; x_wconf 73' lang='grc' dir='ltr'><strong><em>οὐδ’ε</em></strong></span> <span class='ocrx_word' id='word_1_252' title='bbox 924 3441 962 3512; x_wconf 77' lang='grc' dir='ltr'><strong><em>ἀς</em></strong></span> <span class='ocrx_word' id='word_1_253' title='bbox 979 3448 1078 3517; x_wconf 70' lang='lat'>1166]</span> 
     </span>
     <span class='ocr_line' id='line_1_33' title="bbox 63 3513 353 3586; baseline -0.007 -12"><span class='ocrx_word' id='word_1_254' title='bbox 63 3513 133 3575; x_wconf 66' lang='grc' dir='ltr'><strong><em>οὐδὲ</em></strong></span> <span class='ocrx_word' id='word_1_255' title='bbox 151 3522 208 3586; x_wconf 89' lang='lat' dir='ltr'><strong><em>Ph,</em></strong></span> <span class='ocrx_word' id='word_1_256' title='bbox 226 3515 264 3583; x_wconf 76' lang='grc' dir='ltr'><strong><em>ὥς</em></strong></span> <span class='ocrx_word' id='word_1_257' title='bbox 283 3514 353 3573; x_wconf 81' lang='grc' dir='ltr'><strong><em>οὖν</em></strong></span> 
     </span>
    </p>
   </div>
   <div class='ocr_carea' id='block_1_6' title="bbox 0 0 1219 3862">
    <p class='ocr_par' dir='ltr' id='par_1_6' title="bbox 0 0 1219 3862">
     <span class='ocr_line' id='line_1_34' title="bbox 0 0 1219 3862; baseline 0 0"><span class='ocrx_word' id='word_1_258' title='bbox 0 0 1219 3862; x_wconf 95' lang='lat' dir='ltr'><strong><em> </em></strong></span> 
     </span>
    </p>
   </div>
  </div>
 </body>
</html>
