2422 3862
144 155 208 218 464
446 153 590 204 mmm
607 151 859 204 Ιιιοιιειιυοιιιε

146 289 290 374 είδόσιν,
327 287 438 368 διειλιός
468 288 505 355 δὲ
533 289 589 355 καί
621 288 805 375 ἐλευθέρως
834 289 870 355 ἐκ
896 290 958 355 τοῦ
981 296 1060 355 ίσου
1084 292 1166 356 πᾶσι

145 398 409 484 προσφέρεσθαι.
454 395 594 481 γέγονεν
617 386 681 462 οὐν
704 421 761 482 μοι
784 393 865 482 μετὰ
886 392 949 481 τῆν
973 395 1010 461 ἐκ
1032 399 1165 463 παίδων
1207 392 1209 396 ⁴

145 499 278 590 τροφῆν
308 499 330 587 ῆ
357 527 392 567 τε
419 501 457 567 ἐν
487 506 670 588 μειρακίοις
697 497 778 579 όδὸς
806 497 863 567 διδι
889 503 957 567 τῶν
980 499 1166 580 Πλάτωνος

145 609 202 675 καὶ
229 605 476 694 Ἀριστοτέλους
507 604 618 691 λόγων
651 602 807 692 οὐδαμῶς
838 606 1013 695 ἐπιτηδείῳ
1046 605 1166 693 δήμοις

147 699 378 802 ἐντυγχάνειν
399 714 455 781 καί
489 710 554 780 ὑπὸ
586 716 716 798 τρυφῆς
747 710 1035 802 εὐδαιμονεστάτην
1070 711 1187 800 εἷναι,ι

146 821 168 909 ῆ
194 847 229 888 τε
258 822 295 888 ἐν
322 817 490 905 ἀνδράσιν
512 815 697 905 αὐτουργία
718 816 807 904 παρὰ
829 832 900 896 τοῖς
921 818 1165 906 μαχιμωτάτοις

146 930 201 996 καὶ
238 925 484 1015 θυμικωτάτοις
514 928 583 992 τῶν
616 926 743 1008 ἐθνῶν,
781 921 867 991 ὅπου
902 922 965 1010 τῆν
996 931 1163 1012 γαμηλίαν

144 1033 345 1123 Ἀφροδίτην
378 1032 433 1100 καί
465 1029 526 1099 τὸν
556 1029 750 1117 μεθυδότην
779 1028 955 1098 Διόνυσον
987 1031 1101 1118 γάμου
1131 1058 1163 1099 τε

147 1142 244 1208 ἕνεκα
270 1139 326 1206 καὶ
351 1141 565 1214 παιδοποιίας
588 1145 686 1203 οἴνου
707 1160 741 1202 τε
765 1132 890 1221 ὁπόσης
913 1136 1039 1229 ἑκάστῳ
1064 1143 1161 1206 δυνα-

18 1328 20 1331 v
100 1256 126 1310 D
145 1246 207 1314 τὸν
238 1245 365 1322 πόσεως
398 1253 488 1311 ίσασι
520 1240 638 1328 μόνον.Ι
681 1239 835 1328 ἀσέλγεια
862 1240 896 1308 δ’
925 1240 988 1310 οὐκ
1010 1250 1104 1315 ἐστιν
1127 1248 1161 1314 ἐν
1173 1263 1192 1303 1⁰

145 1365 216 1430 τοῖς
247 1351 404 1437 θεάτροις
436 1345 516 1417 οὐδὲ
547 1346 659 1436 ὕβρις,
697 1345 777 1416 οὐδὲ
808 1350 894 1416 ἕλκει
921 1375 971 1429 τις
999 1359 1079 1420 είσιο
1106 1359 1162 1442 τῆς

146 1460 272 1544 σκηνῆς
298 1456 359 1524 τὸν
386 1453 544 1541 κόρδακα.
588 1455 721 1541 λέγεταί
739 1482 791 1523 τοι
814 1459 920 1548 μικρῷ
943 1456 1097 1546 πρόσθεν
1119 1459 1161 1540 τός

147 1550 288 1632 ἐνθένδε
321 1562 427 1629 ἐκεῖσέ
455 1587 505 1641 τις
532 1560 760 1647 Καππαδόκης
788 1560 912 1648 φυγάς,
949 1564 987 1630 ἐν
1014 1569 1056 1654 τῆ
1083 1565 1158 1654 παρ’

34 1719 36 1723 -
146 1669 230 1759 ὑμῖν
250 1669 388 1757 τραφείς
410 1665 504 1734 πόλει
527 1664 616 1754 παρὰ
638 1671 683 1759 τῷ
702 1665 887 1757 χρυσοχόφ·
911 1675 1089 1756 γνωρίζετε
1107 1671 1158 1758 δῆ-

145 1785 278 1845 τιουθεν
310 1771 351 1841 δν
383 1774 482 1859 λέγω·
524 1771 645 1860 μαθὼν
677 1771 764 1840 ὅπου
790 1774 846 1859 καὶ
873 1761 1015 1860 ἔμαθεν,
1049 1774 1095 1856 ὡς
1121 1773 1188 1845 οὐῐ5

146 1884 226 1951 δέον
254 1879 383 1967 ὁμιλεῖν
410 1881 558 1966 γυναιξί,
595 1886 779 1968 μειρακίοις
809 1878 840 1947 δ’
871 1882 1066 1971 ἐπιχειρεῖν,
1103 1881 1158 1951 οὐκ

94 1987 224 2057 οσοοῖδα
247 1984 354 2055 ὁπόσα
378 1985 504 2053 ἐνθάδε
527 1984 653 2074 δράσας
674 1987 730 2053 καί
753 1986 890 2073 παθόν,
935 1989 1051 2076 ἐπειδὴ
1075 1988 1158 2078 παρὰ

145 2096 206 2163 τὸν
234 2095 338 2162 ἐκεῖσε
364 2093 501 2179 βασιλέα
529 2090 646 2184 πρῴην
674 2089 827 2178 ἄφίκετο,
857 2093 970 2183 μνήμη
992 2100 1064 2164 τῶν
1084 2101 1160 2187 τῆδε

144 2198 290 2279 πολλοὺς
317 2198 379 2286 μὲν
407 2195 569 2285 ὀρχηστὰς
592 2195 706 2277 αὐτοῖς
729 2199 921 2286 ἐπαγαγεῖν,
953 2198 1040 2269 ἄλλα
1064 2203 1102 2271 δὲ
1122 2204 1159 2270 τά

146 2309 306 2373 ἐντεῦθεν
333 2300 446 2388 άγαθόι
470 2307 623 2388 τοιαῦτα,
654 2305 710 2371 καί
739 2303 781 2390 δῆ
809 2306 893 2396 (καὶ)
916 2305 1011 2386 τέλος
1039 2306 1085 2388 ὡς
1112 2311 1188 2378 ε’ν-11

146 2412 282 2497 εδέησεν
305 2413 352 2476 ἔτι
374 2412 585 2477 κοτυλιστού·
616 2412 716 2478 τούτο
741 2407 772 2477 δ’
797 2407 892 2498 ὑμεῖς
916 2421 986 2480 ίστε
1007 2416 1094 2503 πρὸς
1115 2419 1158 2508 τῷ

147 2523 232 2606 ἔργφ
254 2515 288 2584 τί
317 2516 436 2604 όνομα·
464 2518 520 2584 καὶ
542 2519 666 2584 τοῦτον
690 2518 829 2585 ἐνθένδε
852 2517 961 2586 ἐκάλει
983 2519 1084 2612 πόθφ
1107 2524 1159 2590 καί

48 2657 49 2660 “
145 2629 242 2711 ἔρωτι
273 2627 331 2711 τῆς
360 2627 483 2710 σεμνῆς
509 2620 586 2708 παρ’
617 2621 700 2710 ὑμῖν
728 2628 863 2710 διαίτης.
909 2629 945 2692 οί
970 2630 1095 2697 Κελτοὶ
1126 2630 1159 2697 δὲ

212 2762 228 2810 3
252 2748 322 2826 ῆγε
348 2760 401 2809 Pes
417 2764 495 2809 mart.
515 2764 569 2824 pet.
655 2751 842 2826 4ἐπιτηδείῳ
864 2763 943 2813 mart.
961 2766 1032 2828 pet„
1064 2757 1157 2832 ἐπιτη·

145 2822 221 2879 δεύω
239 2828 286 2891 Pf,
307 2821 459 2892 ἐπιτηδεία
477 2842 494 2875 v
564 2827 579 2875 5
598 2818 848 2896 εὐδαιμονεστάτην
867 2828 977 2877 ΜολῬῖ
993 2836 1074 2883 mart.
1093 2829 1155 2898 pet]

145 2888 426 2962 εὐδαιμονεστάτοις.
449 2894 548 2944 Totum
566 2907 630 2942 vero
649 2893 739 2943 locum
757 2895 798 2943 ita
816 2895 989 2945 scribendum
1001 2912 1065 2949 esse
1079 2905 1155 2963 puto:

142 2957 164 3028 ῆ
186 2978 217 3014 τε
240 2956 271 3014 ἐν
295 2963 457 3027 μειρακίοις
478 2955 548 3018 ὁδὸς
567 2955 617 3013 διὰ
637 2960 693 3011 τῶν
712 2955 866 3018 Πλάτωνος
883 2959 933 3014 καὶ
949 2956 1157 3026 Ἀριστοτέλους

144 3027 237 3095 λόγων
260 3024 397 3092 οὐδαμῶς
415 3020 588 3092 ἐπιτηδείων
608 3022 711 3092 δήμοις
730 3022 917 3095 ἐντυγχάνειν
935 3027 1084 3096 οἰομένοις
1102 3023 1156 3085 άπὸ

142 3096 254 3164 τρυφῆς
282 3089 554 3163 εὐδαιμονεστάτοις
577 3090 663 3146 εἶναι.
700 3095 827 3147 Reiskius
851 3113 960 3164 quoque
978 3100 1040 3151 vult
1062 3093 1156 3168 ἐπιτη-

143 3164 232 3216 δείων
258 3163 387 3230 τρυφῶσι
414 3155 518 3230 δήμοις
545 3169 573 3216 οῖ
599 3155 871 3230 εὐδαιμονεστάτοις
896 3161 1043 3232 οἰομένοις
1072 3163 1155 3220 εἶναι.

145 3236 177 3284 10
196 3231 273 3283 ἴσασι
291 3229 374 3298 VMb]
395 3229 490 3283 ἴσασιν
505 3233 509 3293 Ι
526 3227 560 3284 δὲ
579 3231 650 3282 VMb
693 3235 720 3279 11
732 3221 811 3309 ηούδὲ
830 3231 955 3298 alterum]
976 3225 1044 3286 οὐτε
1063 3236 1156 3287 VMbF

144 3304 175 3350 12
194 3291 241 3365 τός]
260 3293 313 3352 ίιδν
331 3302 358 3349 Η
410 3302 443 3350 15
461 3289 505 3365 δν]
526 3289 541 3350 δ
560 3296 711 3360 VMbFPf!
731 3297 818 3367 σπου]
837 3290 907 3353 ότσυ
925 3301 1014 3363 Rsk}
1039 3300 1089 3355 καὶ
1108 3319 1155 3356 om.

142 3369 188 3418 Mb
259 3369 290 3417 ιι
309 3363 341 3418 σε
361 3368 432 3417 ναι
505 3370 536 3418 18
553 3363 614 3434 ιρι
635 3386 651 3418 ι
670 3363 780 3449 νυιση
797 3384 818 3417 ιι
837 3367 911 3419 εισι
974 3371 1006 3420 19
1025 3358 1101 3422 ἅιια
1118 3366 1153 3434 Η]

139 3428 233 3554 wgo}
281 3437 314 3486 20
333 3431 382 3486 καὶ
403 3429 439 3499 δὴ
459 3431 508 3485 καί
527 3433 566 3500 Η]
585 3384 635 3486 κού
655 3426 690 3500 δὴ
724 3432 728 3500 Ι
761 3451 798 3494 ως
817 3385 935 3501 ἐδέησεν
953 3437 1029 3500 Mb?
1071 3441 1103 3489 21
1123 3433 1153 3489 δὲ

162 3526 171 3551 ί
