2422 3862
355 156 567 209 EPISTOLAE·
580 161 619 212 19.
638 161 679 210 ιο.
697 162 738 215 21.
774 151 776 156 ’
990 160 1052 227 501

36 300 122 382 λελν,
154 289 229 379 ούχὶ
256 291 336 372 τοὺς
363 298 525 380 γείτονας·
562 291 600 361 τὸ
623 302 734 363 αλτιον
757 296 812 381 δέ,
845 295 896 365 ὅτι
919 303 1057 384 γείτονα

35 401 100 488 μὲν
122 405 259 470 ἔνεστιν·
275 399 401 487 ἐχθρὸν
419 404 528 486 ἔχειν,
541 405 644 486 φίλον
663 400 701 469 δὲ
719 401 845 491 ἐχθρὸν
864 401 906 472 ού
924 407 1055 496 μᾶλλον

35 503 56 594 ῆ
80 505 118 575 τὸ
142 504 263 577 λευκὸν
285 505 390 593 μέλαν
413 505 498 575 εἶναι
526 507 581 575 καὶ
605 505 641 574 τὸ
665 506 795 595 θερμὸν
819 510 958 599 ψυχρόν.
1000 508 1055 579 ὅτι

37 613 74 681 δὲ
101 609 183 700 ήμλυ
206 608 247 681 ού
271 616 336 681 νύν
359 611 481 699 μόνον,
515 609 598 681 ἀλλὰ
621 615 677 683 καὶ
698 614 802 684 πάλαι
825 623 922 702 φίλος
945 615 976 685 ελ
996 608 1053 687 καὶ

7 723 223 800 εδιετέλεσας
245 713 405 799 εὐνοϊκῶς
429 721 526 805 ἔχων,
548 723 580 788 εί
600 722 655 788 καλ
678 720 785 808 μηδὲν
802 719 952 812 ὑπῆρχεν
969 721 1052 794 ἄλλο

34 824 229 915 τεκμήριον,
261 823 345 894 ἀλλὰ
371 824 409 893 τό
437 852 475 912 γε
497 824 583 913 ῆμᾶς
606 824 693 895 οὕτω
718 831 950 902 διατεθεῖσθαι
983 834 1094 917 [καλΒ

35 937 241 1017 διακεῖσθαι]
264 934 339 1019 περὶ
362 931 399 1001 σὲ
422 934 506 1019 μέγα
529 927 573 1000 ἂν
596 941 646 1019 είη
670 932 792 1003 τούτου
816 951 964 1022 σημεῖον.
993 931 1052 1026 ῆιιε

34 1044 154 1107 τοίνυν
186 1041 339 1127 μεθέξων
368 1042 427 1126 τῆς
457 1035 615 1118 ὑπατείας
646 1035 755 1118 αύτός.
801 1037 871 1123 ἄξει
902 1043 943 1112 δέ
967 1064 1004 1112 σε
1031 1044 1050 1114 ό

35 1145 198 1233 δημόσιος
228 1145 353 1232 δρόμος
375 1141 515 1231 ὀχήματι
537 1143 712 1235 χρεόμενον
738 1147 794 1216 καὶ
815 1152 980 1241 παρίππςο.
1023 1157 1054 1220 ελ
1066 1178 1092 1218 ιο

4 1250 75 1319 οδὲ
102 1251 165 1339 χρή
192 1279 224 1319 τι
251 1239 315 1320 καί
335 1249 553 1337 ἐπεύξασθαι,
585 1250 648 1340 τῆν
666 1250 824 1322 Ἐνοδίαν
851 1255 973 1344 εὐμενῆ
997 1278 1052 1327 σοι

33 1359 89 1425 καὶ
114 1356 174 1425 τὸν
194 1357 349 1426 Ἐυόδιον
371 1357 673 1447 παρακεκλήκαμεν.

249 1571 309 1641 λα’.
343 1565 565 1652 Ἰουλιανὸς
587 1574 841 1663 Καλλιξείνη.
1070 1581 1092 1638 0

145 1714 277 1803 Χρόνος
300 1718 432 1783 δίκαιον
455 1714 563 1804 ἄνδρα
587 1718 758 1784 δείκνυσιν
781 1715 896 1803 μόνος,

34 1817 81 1901 ὦς
108 1818 198 1909 παρὰ
223 1827 292 1890 τῶν
316 1825 507 1910 ἔμπροσθεν
530 1826 694 1910 ἔγνωμεν·
732 1820 795 1909 ἐγὼ
820 1819 851 1889 δ’
877 1819 920 1890 όν
944 1829 1051 1910 φαίην

6 1925 88 1996 εὸτι
115 1927 171 1994 καὶ
197 1926 258 1997 τὸν
286 1925 405 2016 εὐσεβῆ
433 1929 489 1996 καὶ
512 1926 572 1996 τὸν
594 1927 769 2015 φιλόθεον.
814 1923 887 1996 ἀλλ’
914 1930 1052 2016 ἐμαρτυ-

35 2034 144 2124 ρήθη,
176 2035 256 2125 φής,
287 2036 343 2104 καλ
375 2033 395 2123 ή
423 2034 605 2122 Πηνελόπη
632 2039 826 2124 φίλανδρος.
872 2033 942 2104 εἶτα
971 2035 1052 2123 μετὰ

34 2145 99 2210 τού
126 2143 317 2233 φιλύυδρου
342 2139 380 2210 τὸ
410 2141 576 2228 φιλόθεον
603 2146 653 2222 τίς
675 2143 713 2210 ἐν
735 2142 870 2228 γυναικὶ
894 2144 1053 2232 δεύτερον

35 2255 163 2337 τίθησι,
186 2251 241 2318 καλ
261 2248 303 2318 ού
325 2262 479 2338 φανεῖται
500 2246 608 2319 πολὺν
626 2246 716 2316 πάνυ
733 2247 794 2319 τὸν
811 2248 1053 2336 μανδραγόραν

36 2355 246 2437 ἐκπεπηγός,
282 2361 313 2424 εί
339 2355 376 2424 δὲ
403 2356 458 2424 καὶ
486 2355 565 2435 τοὺς
592 2352 730 2444 καιρούς
751 2380 801 2435 τις
824 2356 861 2423 ἐν
884 2358 931 2447 νῷ
955 2353 1053 2442 λάβοι

1 2489 21 2529 :0
35 2463 93 2530 καλ
129 2462 191 2550 τῆν
226 2462 288 2550 μὲν
320 2461 524 2549 Πηνελόπην
556 2463 803 2549 ἐπαινουμένην
835 2459 956 2549 σχεδὸν
987 2459 1096 2531 ύπὸΙ)

35 2570 175 2640 πάντων
198 2570 249 2640 ἐπὶ
272 2572 525 2659 τῆφιλανδρίηι,
548 2568 813 2648 κινδυνευούσας
832 2568 869 2637 δὲ
887 2567 945 2650 τὰς
964 2565 1055 2637 εύσε-

109 2768 209 2844 Ῑούχλ
230 2773 320 2842 GPbi]
344 2770 381 2830 ού
450 2775 571 2840 λφίλον
591 2769 623 2827 δὲ
642 2767 750 2841 ἐχθρὸν
769 2772 805 2842 G]
830 2773 916 2841 φίλον
937 2769 970 2825 δὲ
1037 2776 1056 2824 4

37 2847 94 2900 νῦν
113 2840 204 2910 μόνον
223 2841 310 2910 GPbi]
334 2839 424 2912 μόνον
443 2842 497 2897 νύν
567 2832 692 2902 δεύνως
710 2843 741 2918 β.
761 2843 797 2893 ef.
816 2841 901 2893 2830
970 2837 1055 2893 διαὶ

38 2914 213 2966 διακεῖσθαι
233 2928 283 2963 om.
303 2911 327 2961 G
395 2909 513 2964 ’ίτούτο
531 2911 597 2960 GPb
650 2915 667 2962 8
685 2900 784 2976 αυτός]
804 2906 854 2961 καλ
873 2901 961 2967 αύιός
978 2907 1056 2958 GPbi

37 2988 54 3034 9
76 2979 128 3034 καὶ
152 2978 290 3047 παρίππφ
313 2978 402 3046 GPbi]
428 2971 473 3031 ἕνλ
496 2975 546 3028 καλ
569 2975 707 3042 παρίππφ
724 2995 755 3039 v,
770 3004 772 3007 ·
787 2967 900 3054 nal's‘vl
918 2975 1056 3043 παρίππῳ

37 3051 125 3103 Hrch.
144 3049 179 3104 cf.
197 3047 283 3099 4040
332 3050 364 3099 10
381 3038 602 3111 προσεύξασθαι
620 3046 686 3107 Pbi,
707 3042 965 3106 προσεπενξασθαι
983 3043 1054 3093 Hor·

36 3119 129 3168 helius
192 3119 223 3166 λλ
241 3109 405 3182 Καλλιξόνη
422 3116 580 3179 suspicatur
597 3113 681 3168 Hrch.
740 3114 771 3162 13
790 3111 873 3176 Soph.
893 3110 926 3164 0.
944 3111 977 3162 R.
996 3112 1055 3173 614,

37 3186 110 3236 unde
131 3181 279 3235 δείκνυσιν
298 3198 347 3248 pro
366 3181 499 3234 δείκνυσι
517 3181 616 3246 scripsi
659 3183 692 3231 14
709 3170 739 3231 δ’
759 3169 796 3230 όν
816 3174 930 3242 Ηειολιή
950 3171 983 3230 δὲ
1025 3180 1058 3229 15

38 3259 66 3303 et
80 3255 111 3303 16
130 3242 332 3382 ἐμαρτυρήθη]
353 3251 490 3313 „Videtur
506 3247 680 3299 intercidisse
697 3245 736 3318 τῷ
755 3238 879 3313 χρόνῳίί.
898 3245 983 3295 Hreh.
1025 3248 1058 3296 16

39 3313 99 3386 φής
112 3316 208 3383 Hrch.]
224 3316 299 3382 φησί
333 3318 383 3380 „R
402 3310 476 3381 μετὰ
494 3310 526 3368 τό
546 3314 718 3382 φίλανδρον,
737 3319 786 3365 aut
805 3309 869 3366 ελια
886 3309 984 3378 μέντοι
1004 3309 1056 3364 τού

39 3379 234 3451 φιλύνδρου,“
256 3384 324 3439 Rak.
396 3389 425 3434 Π
445 3382 498 3449 τις]
518 3370 592 3450 ήθος
611 3399 677 3448 mrg.
696 3383 765 3434 Gen.
835 3384 869 3461 1¹⁸
885 3372 974 3464 θήσει
993 3395 1059 3432 con·

38 3456 102 3506 iicit
121 3454 224 3509 Hrch⁴fl
245 3446 455 3519 μανδραγόραν
472 3452 572 3503 Suidas
591 3467 612 3502 s.
632 3449 671 3520 v.]
692 3450 899 3517 μανδραγοραν
918 3465 956 3501 αν
1025 3451 1059 3500 20

39 3516 94 3590 τῆν
112 3517 166 3589 μὲν
184 3519 235 3587 Ρο]
257 3513 311 3585 τήν
679 3572 682 3576 ,
