2422 3862
63 389 189 460 ὁτιοῦν
213 392 386 459 διδάσκειν
417 392 721 477 ἐπαγγελλομένους
748 390 835 459 εἶναι
865 391 926 460 τὸν
953 384 1079 478 τρόπον

61 499 215 576 ἐπιεικεῖς
236 498 292 565 καὶ
315 495 360 584 μὴ
384 495 560 583 μαχόμενα
572 511 642 576 τοῖς
659 500 804 587 δημοσίῳ
825 503 1079 585 [μεταχαρακτη-

62 605 224 694 ρίζοντας]
254 605 294 672 τά
319 607 356 672 ἐν
378 607 418 692 τῇ
441 606 531 691 ψυχῇ
554 604 670 691 φέρειν
694 602 899 691 δοξάσματυ,
931 602 1018 673 πολὺ
1042 604 1079 672 δὲ

35 710 166 777 επλέον
196 708 356 779 ἁπάντων
387 707 479 795 οἶμαι
507 714 581 777 δεῖν
608 707 695 778 εἶναι
722 712 896 790 τοιούτους
924 709 998 780 ὅσοι
1027 714 1079 780 ἐπὶ

61 813 176 900 λόγοις
197 831 267 897 τοῖς
289 818 380 895 νέοις
398 821 647 901 συγγίγνονται,
669 820 738 884 τῶν
755 821 908 885 παλαιάν
925 819 1078 906 ἐξηγηταὶ

62 921 257 1009 γιγνόμενοι
281 920 570 1010 συγγραμμάτων,·
595 929 660 988 είτε
682 921 820 1010 ῥήτορες
842 932 907 990 εἴτε
928 950 1078 1012 γράμμα·
1094 937 1120 990 D

61 1034 159 1114 τικοί,
181 1029 237 1096 καὶ
260 1033 308 1096 ἔτι
330 1030 433 1097 πλέον
457 1031 492 1095 οέ
513 1031 677 1113 σοφισταί.
704 1027 885 1115 βούλονται
908 1028 973 1118 γάρ
995 1029 1079 1117 πρὸς

61 1149 132 1213 τοῖς
162 1132 276 1214 ἄλλοις
306 1131 348 1202 οὐ
374 1135 497 1214 λέξεων
522 1131 645 1219 μόνον,
677 1128 778 1219 Ιἠθῶν
805 1135 843 1202 δὲ
870 1133 957 1203 εἶναι
985 1137 1077 1204 διδά-

9 1229 49 1323 ,ιό
62 1237 195 1327 σκαλοι,
226 1242 282 1309 καὶ
309 1238 346 1309 τὸ
370 1237 454 1307 κατὰ
477 1243 564 1326 σφᾶς
591 1238 682 1308 εἷναί
705 1260 788 1326 φασι
815 1239 878 1327 τὴν
904 1244 1079 1332 πολιτικὴν

62 1353 280 1434 φιλοσοφίαν.
306 1350 338 1414 εί
359 1346 421 1433 μὲν
444 1337 508 1413 οὖν
529 1342 655 1432 άληθὲς
676 1341 697 1432 ἢ
721 1345 899 1433 μή,,τοῦτο
922 1345 1076 1435 ἀφείσθω

62 1458 138 1523 νῦν.
183 1455 329 1520 ἐπαινῶν
352 1451 390 1519 δὲ
412 1448 536 1530 αὐτοὺς
559 1449 664 1531 οὕτως
688 1453 944 1540 ἐπαγγελμάτυν
965 1460 1078 1524 καλῶν

62 1556 286 1648 ὀρεγομένους
317 1555 522 1643 ἐπαινέσαιμ’
553 1552 597 1624 άν
629 1562 676 1625 έτι
709 1559 826 1644 πλέον,
850 1546 894 1626 ἐἰ
923 1559 968 1647 μὴ
1000 1562 1078 1641 ψεύ-

62 1670 177 1734 δοιντο
201 1662 280 1753 μηδ’
305 1664 506 1751 ἐξελέγχοιτο
524 1661 648 1743 αὑτοὺς
665 1666 759 1753 ἕτερα
778 1664 841 1751 μὲν
859 1671 1077 1755 φρονοῦντες,

21 1801 48 1842 15
62 1772 278 1851 διδάσκοντες
310 1770 348 1838 δὲ
383 1769 463 1848 τοὺς
497 1770 739 1857 πλησιάζοντας
774 1773 876 1859 ἔτερα.
928 1780 963 1840 τί
997 1769 1077 1858 οὖνς

56 1877 187 1970 Ὁμήρῳ
210 1881 326 1965 μέντοι
348 1876 404 1943 καὶ
421 1874 568 1966 Ἡσιόδῳ
591 1877 646 1943 καλ
670 1878 887 1965 Δημοσθένει
909 1880 965 1947 καὶ
980 1866 1129 1970 ‘Hgio-423

63 1985 151 2076 δότῳ
183 1986 239 2052 καὶ
267 1986 459 2071 Θουκυδίδῃ
491 1983 546 2049 καὶ
570 1979 749 2071 Ἰσοκράτει
770 1984 831 2073 (καὶ
859 1990 970 2076 Λυσίᾳ
1000 1990 1077 2056 θεοὶ

62 2091 171 2178 πάσης
202 2088 365 2177 ἡγοῦνται
396 2093 556 2169 παιδείας.
601 2085 664 2175 οὐχ
692 2093 727 2157 οί
751 2089 813 2175 μέν
836 2088 961 2178 Ἑρμοῦ
989 2098 1076 2181 σφᾶς
1089 2120 1115 2165 eo

63 2196 190 2290 ίεροός,
223 2202 258 2267 οί
288 2196 325 2264 δὲ
354 2191 506 2264 Μουσῶν
536 2193 713 2281 ἐνόμιζονς
741 2194 867 2265 άτοπον
895 2197 957 2284 μέν
985 2198 1077 2287 οἶμαι

20 2331 48 2371 ιο
61 2303 141 2384 τοὺς
178 2303 420 2391 ἐξηγουμένους
455 2301 495 2368 τά
531 2301 662 2368 τούτων
698 2297 867 2388 ἀτιμάζειν
902 2303 982 2384 τοὺς
1017 2303 1074 2373 ὑπ’

53 2409 175 2479 αὐτῶν
201 2410 404 2497 ’νεμηθέντας
430 2407 543 2487 θεούς.
589 2404 630 2475 οό
653 2406 721 2494 μὴν
744 2406 857 2495 ἐπειδὴ
879 2412 979 2477 τοῦτο
1003 2409 1077 2480 άτο-

61 2542 127 2586 πον
150 2516 254 2604 οἶμαι,
278 2515 363 2601 φημὶ
387 2517 460 2582 δεῖν
483 2511 606 2593 αὐτοὺς
628 2515 874 2600 μεταθεμένους
896 2529 966 2595 τοῖς
989 2518 1078 2598 νέοις

62 2635 229 2689 συνεῖναι·
253 2624 376 2706 δίδωμι
400 2619 438 2687 δὲ
460 2623 591 2706 αἵρεσιν
614 2618 659 2705 μὴ
683 2617 856 2687 διδάσκειν
878 2617 900 2687 ά
920 2620 965 2708 μὴ
985 2630 1077 2710 νομί-

63 2734 155 2810 ζουσι
170 2729 348 2810 σπουδαία,
363 2727 591 2811 βουλομένους
606 2724 643 2792 δὲ
658 2723 831 2791 διδάσκειν
844 2730 930 2815 ἔργῳ
944 2731 1077 2814 πρῶτον
1094 2742 1118 2796 Β

19 2835 118 2902 τεκαὶ
159 2840 299 2901 πείθειν
330 2828 410 2909 τοὺς
445 2829 599 2916 μαθητὰς
640 2828 684 2909 ὡς
721 2828 798 2897 οὔτε
821 2828 965 2918 Ὅμηρος
1001 2831 1077 2901 οὔτε

132 3026 144 3072 1
170 3017 251 3088 οἶμαι
270 3023 366 3071 abesse
383 3019 488 3069 mavult
505 3017 590 3068 Hrch.
617 3015 621 3082 Ι
649 3010 701 3083 χρὴ
720 3012 818 3083 Hreh]
838 3019 910 3082 χρῆν
980 3024 1077 3072 3et4

60 3087 397 3157 μεταγαραιιτηρίζοντας
423 3086 533 3136 uncinis
552 3084 665 3135 inclusit
683 3085 719 3161 Η,
790 3085 888 3135 θελθ
915 3077 963 3138 ἐπὶ
982 3081 1077 3154 λόγοις

60 3161 124 3216 τοῖς
141 3154 219 3216 νέοις
236 3157 294 3210 Pet.
314 3151 426 3221 ψεσθε]
446 3147 493 3205 ἐπὶ
511 3147 589 3210 νέοις
608 3155 668 3210 τοῖς
687 3152 782 3216 λογοις
839 3153 855 3200 6
873 3154 1078 3222 συγγίγνονται

60 3224 116 3292 Pk]
136 3223 322 3309 συγγίνονται
392 3226 407 3273 7
425 3214 593 3288 γιγνόμενοι
612 3215 667 3286 Pk]
687 3213 837 3287 γενόμενοι
909 3225 940 3274 10
958 3215 1002 3288 τό]
1023 3218 1076 3275 τάλ

61 3297 95 3344 14
113 3288 219 3352 αὐτους
239 3298 318 3342 mart.
339 3288 365 3357 1]
386 3281 493 3347 αότοός
529 3290 561 3338 16
578 3282 691 3353 μέντοι]
711 3281 765 3352 μὲν
784 3287 849 3337 Rsk.
866 3285 871 3351 Ι
891 3286 1077 3357 Δημοσθένει

60 3362 129 3416 Rsk.
148 3365 176 3413 et
187 3355 287 3425 Hrch.]
307 3351 493 3422 Δημοσθένει
510 3352 610 3421 μέντοι
647 3356 679 3405 19
696 3349 761 3418 μὲν]
781 3351 881 3419 μέντοι
894 3359 962 3409 Rsk.
981 3358 1077 3408 Malim

61 3417 114 3482 οὖν
182 3435 216 3482 23
238 3430 384 3479 συνεῖναι’
412 3423 520 3488 δίδωμι
545 3423 613 3474 Rsk.
633 3426 660 3472 et
678 3419 717 3486 Η]
741 3419 901 3489 συνδίδωμι
971 3428 1004 3476 25
1027 3425 1077 3479 καὶ
1174 3472 1177 3476 ,

61 3497 126 3549 fort.
143 3497 287 3550 delendum

113 3591 220 3632 Iulianus
234 3591 265 3632 Π.
466 3583 468 3585 ’
535 3626 537 3633 ς
827 3580 860 3627 35
