2414 3862
154 155 361 209 EPISTOLAE
375 156 437 226 [66]
447 156 591 224 (6ΊΗεγΙ.)
604 159 645 210 67.
656 158 699 224 (68
705 158 799 225 Heyl.)
812 161 853 215 68.
864 156 1005 226 (6911051.)
1026 156 1088 222 591

76 287 127 371 οἷς
155 290 294 379 γράφεις
320 291 444 379 τὸτῆς
471 296 747 382 σεαυτοῦψυχῆς
773 298 918 382 ίνθαλμα
945 307 1016 373 τοῖς
1038 295 1089 362 έν·

74 395 279 484 τυγχάνουσι
307 398 524 489 ξυναρμόττη.
569 395 587 468 ὃ
616 398 659 487 θη
686 400 743 468 καὶ
766 397 866 481 αὐτὸς
887 404 982 469 ποιῶ.
1023 400 1137 469 ’τὸνιστ

74 503 138 591 γάρ
165 504 291 591 τροφέα
318 507 387 572 τῶν
415 497 560 593 ἐμαυτοῦ
587 509 720 573 παίδων
739 502 910 593 Ἀυτίοχον
938 503 983 585 ῶς
1004 503 1091 593 ὑμᾶς

76 609 250 696 ἐκπέμπων
279 606 492 699 ἀπρόσρητόν
519 631 556 679 σε
583 618 776 680 καταλιπεῖν
800 609 862 680 οὐκ
883 608 1090 699 ἠνεσχόμην·

47 713 175 801 τῶστε,
208 725 242 783 εί
264 742 297 784 τι
323 719 392 784 τῶν
417 714 497 784 καθ’
522 714 609 805 ἡμᾶς
630 727 768 806 ποθείς,
796 724 884 805 ἐχοις
905 715 949 788 ἀν
972 719 1090 793 οίκειό-

73 847 173 910 τερον
203 819 281 910 παρ’
313 819 417 892 αὐτοῦ
448 828 585 910 γνῶναι.
631 830 663 893 εί
694 827 734 903 δέ
762 852 795 894 τι
826 827 882 893 καὶ
913 827 968 895 σοὶ
999 828 1090 914 μέλει

73 931 143 996 τῶν
161 933 231 997 σῶν
249 931 409 1018 ἐραστῶν,
432 929 477 1010 ῶς
495 934 598 1017 ἔγωγε
617 929 668 1000 ὅτι
687 934 777 1018 μέλει
794 931 951 1017 πιστεύω,
970 934 1088 1014 δείξεις

75 1036 113 1102 έν
136 1029 188 1116 οἷς
209 1032 252 1104 ἀν
275 1039 330 1126 ἐξῇ
352 1036 496 1127 γράφειν
519 1042 681 1126 μηδαμῶς
702 1041 871 1108 ἐλλείπων.

316 1213 374 1301 ξη’.
407 1211 635 1295 Ἰουλιανὸς
660 1221 849 1308 Φιλίππῳ.

32 1375 60 1415 10
161 1349 244 1440 Έγω
268 1355 310 1442 νὴ
333 1355 412 1435 τοὺς
434 1355 538 1437 θεοὺς
560 1361 608 1424 ἔτι
630 1371 750 1446 καίσαρ
769 1353 818 1426 ῶν
837 1359 1004 1428 ἐπέστειλα
1023 1379 1088 1445 σοι,

73 1460 130 1528 καί
157 1466 278 1547 νομίζω
305 1462 408 1530 πλέον
433 1459 455 1550 ἢ
483 1461 577 1543 ἅπαξ.
622 1461 762 1552 ῶρμησα
784 1465 898 1552 μέντοι
921 1465 1099 1552 πολλάκις,

73 1563 147 1635 ἀλλ’
174 1565 346 1635 ἐκῶλυσαν
367 1565 485 1636 ἀλλοτε
507 1566 605 1637 ἄλλαι
627 1567 825 1656 προφάσεις,
855 1568 925 1639 εἶτα
948 1569 969 1658 ἡ
992 1597 1087 1657 γενο-

74 1674 158 1761 μένη
191 1670 248 1741 ὃιά
278 1672 341 1760 τὴν
372 1670 560 1762 ἀνάρρησιν
592 1675 669 1761 ἐμοί
695 1700 731 1741 τε
761 1675 817 1742 καὶ
848 1679 894 1766 τῶ
922 1681 1086 1765 μακαρίτη

74 1785 300 1869 Κωνσταντίφ
327 1784 520 1867 λυκοφιλία·
557 1779 746 1848 παντάπασι
768 1779 831 1869 γάρ
855 1781 1087 1868 ἐφυλαττόμην

31 1914 59 1954 15
73 1881 157 1971 ὑπὲρ
180 1883 377 1965 τὰς”Αλπεις
400 1887 584 1954 ἐπιστεῖλαί
601 1911 680 1971 τινι,
702 1886 747 1974 μὴ
770 1885 974 1974 πραγμάτων
996 1883 1086 1978 αὐτῷ

72 1994 225 2079 χαλεπῶν
248 2001 353 2071 αίτιος
375 1993 531 2079 γένωμαι.
575 1990 754 2080 τεκμήριον
778 1992 816 2061 δὲ
838 1992 883 2080 μὴ
905 1995 1007 2060 ποιοῦ
1029 1997 1088 2079 τῆς
1143 1991 1144 1995 ’

73 2097 208 2178 εὐνοίας
238 2096 275 2166 τὸ
308 2097 467 2186 γράφειν·
510 2095 647 2184 οὐγὰρ
680 2099 789 2166 ἐθέλει
820 2100 979 2179 πολλάκις
1008 2097 1086 2185 ὁμο-

72 2212 186 2291 λογεῖν
218 2199 239 2289 ἡ
269 2205 398 2288 γλῶττα
423 2207 465 2293 τῇ
493 2208 635 2294 διανοίη.
680 2204 844 2285 καίίσως
873 2212 939 2294 ἔχει
966 2206 1029 2292 μέν
1055 2232 1086 2272 τι
1094 2230 1134 2290 ωε

71 2308 154 2400 πρὸς
184 2307 221 2378 τὸ
254 2312 398 2399 γαυριᾶν
424 2309 479 2377 καί
502 2306 763 2392 ἀλαζονεύεσθαι
789 2325 860 2392 τοῖς
886 2311 1034 2393 ίθιῶταις
1061 2311 1083 2400 ἡ

29 2451 57 2491 20
70 2421 139 2486 τῶν
170 2419 353 2503 βασιλικῶν
380 2417 562 2485 ἐπιστολῶν
589 2419 758 2504 ἐπίδειξις,
791 2417 872 2488 ὅταν
898 2419 982 2509 πρὸς
1004 2420 1084 2502 τοὺς

71 2522 255 2611 ἀσυνήθεις
289 2519 399 2610 ῶσπερ
433 2522 608 2591 θακτάλιοί
635 2549 723 2603 τινες
753 2522 819 2593 ὑπὸ
851 2530 919 2596 τῶν
952 2525 1084 2618 ἀπειρο-

70 2630 183 2698 κάλων
202 2627 383 2718 φερόμενοι
401 2636 608 2722 κομίζωνται.
634 2636 730 2718 φιλία
744 2630 781 2699 δὲ
796 2628 943 2719 ἀληθινὴ
959 2641 1086 2720 γίνεται

71 2736 213 2824 μάλιστα
240 2734 303 2822 μὲν
326 2731 371 2803 δι’
397 2732 607 2823 ὁμοιότητος,
638 2733 823 2824 ἡὸευτέροι
846 2738 898 2822 δέ,
931 2736 1013 2806 ὅταν
1035 2767 1086 2820 τις

71 2840 221 2930 ἀληθῶς,
254 2839 337 2910 ἀλλά
366 2843 412 2930 μὴ
439 2846 591 2921 πλαστῶς
620 2842 791 2930 θαυμάζῃ,
823 2843 879 2910 καί
908 2844 997 2932 παρὰ
1024 2851 1086 2916 τοῦ

30 2979 57 3020 ετ
70 2948 153 3038 τύχη
175 2949 231 3017 καὶ
255 2948 388 3016 συνέσει
411 2953 600 3038 κρείττονος
628 2945 645 3015 ὁ
669 2939 853 3037 πρᾷοςκαί
876 2950 1008 3038 μέτριος
1029 2955 1085 3022 καὶ

71 3054 219 3144 σῶφρων
251 3053 419 3145 ἀγαπηθῇ.
464 3052 504 3123 τὰ
532 3066 737 3143 γραμματεῖα
754 3051 802 3120 ’δὲ
828 3057 931 3123 ταῦτα
958 3065 1086 3128 πολλοῦ

140 3247 154 3294 1
175 3244 268 3308 „Post
286 3231 409 3312 γράφεις
427 3245 524 3296 deesse
542 3243 651 3318 videtur
668 3231 744 3294 ἀλλά
760 3239 811 3320 καί
829 3237 873 3302 οἷς
891 3230 975 3304 οὗτος
993 3237 1086 3315 ἀπαγ-

69 3308 157 3390 γέλλη
177 3310 288 3378 [-ει]“
305 3313 395 3377 Rsk.1
419 3309 545 3364 σεαυτοῦ
562 3308 658 3377 Hrch‚]
677 3301 783 3386 ἐαυτρν
851 3313 868 3363 8
886 3304 917 3363 ἐν
935 3307 992 3387 ρίς]
1012 3310 1086 3375 Eme?

73 3380 78 3443 Ι
97 3371 281 3446 ἐξηΗεγΙετ]
299 3372 369 3443 ἐξῆν
439 3382 471 3431 16
488 3372 527 3447 μή
546 3375 625 3444 Rsk]
644 3393 693 3445 μοι
709 3377 714 3438 Ι
729 3393 781 3445 της
799 3374 879 3446 Rek]
899 3395 999 3432 τουτο·
1054 3386 1086 3435 18

69 3463 98 3498 τι
116 3447 183 3498 Rsk.
195 3444 231 3498 'et
248 3444 364 3513 Heyler]
388 3462 433 3498 τοι
512 3449 546 3498 24
564 3450 592 3498 εί
610 3449 643 3497 25
672 3443 932 3510 τοῦ-κρείττονος
949 3448 986 3516 H]
1011 3449 1083 3519 τῇ-

68 3514 206 3582 κρείττων
224 3506 271 3574 ῶς.
307 3514 387 3566 Esk:
405 3511 456 3565 καί
473 3531 527 3583 γαρ
546 3532 583 3567 αν
601 3532 616 3566 ο
635 3531 670 3582 τη
688 3512 768 3580 ψυχῇ
786 3510 836 3565 καί
855 3509 968 3570 συνέσει

1145 3587 1190 3783 ζ
