2414 3862
131 180 195 246 604
434 178 578 231 IULIANI
595 175 847 231 IMPERATORIS

133 324 227 406 ρίαν,
259 313 305 384 δι’
330 311 375 402 ἦν
402 312 420 382 δ
448 316 550 402 μέγας
568 313 736 402 Ἀχιλλεὺς
760 297 1041 401 ἀντιτεταγμένος
1064 308 1149 404 αὐτῷ

133 427 201 491 πᾶν
232 421 270 488 τὸ
303 418 476 509 ὕπαιθρον
507 427 721 511 κατείληφεν,
754 421 861 501 ἔξεστί
886 439 940 488 σοι
967 424 1039 488 τῶν
1066 444 1151 507 περι·
1203 499 1205 519 l

134 529 268 616 ηγητῶν
304 522 450 594 ἀκούειν.
496 526 560 614 ἐγὼ
593 526 631 595 δὲ
662 525 860 613 καταλαβὼν
892 526 1066 617 ἐμπύρους
1098 530 1152 608 ἔτι,
1197 538 1205 597 λ

135 636 257 723 μικροῦ
294 633 359 700 δέω
396 631 503 719 φάναι
537 632 710 721 λαμπροὺς
740 637 788 701 ἔτι
819 661 899 714 τους
930 633 1070 722 βωμοὺς
1100 631 1152 700 καὶ

135 742 283 827 λιπαρῶς
310 735 538 825 άληλιμμένηυ
564 739 628 827 τὴν
653 742 715 808 τοῦ
728 737 889 824 Ἕκτορος
912 739 1044 825 εἰκόνα,
1073 736 1172 826 πρὸςι

137 844 316 932 Πηγάσιον
338 842 469 914 ἀπιδὼν
492 896 513 932 ,,
522 851 565 913 Τί
583 850 730 927 ταῦτα;“
762 845 878 932 εἶπον,
896 844 1029 934 ,,Ἰλιείς
1051 845 1153 913 θύου-

138 956 236 1031 σιν;“
270 947 539 1039 ἀποπειρώμενος
561 949 683 1040 ἠρέμα,
706 956 775 1032 πῶς
797 959 862 1040 ἔχει
885 953 1031 1041 γνώμης.
1078 949 1096 1021 ὁ
1120 951 1153 1019 δὲ

139 1058 229 1141 ,Καὶ
247 1063 283 1124 τί
297 1061 396 1126 τοῦτο
416 1055 553 1142 άτοπον,
576 1055 685 1146 άνδρα
704 1055 839 1144 ἀγαθὸν
858 1060 988 1127 ἑαυτῶν
1007 1064 1153 1144 πολίτην,

139 1160 249 1252 ὥσπερ
268 1160 399 1250 ἡμεῖς,“
419 1169 495 1250 ἔφη,
512 1162 612 1253 ,τοὺς
629 1162 808 1253 μάρτυρας,
827 1168 857 1230 εί
869 1161 1152 1252 θεραπεύουσινςι(

139 1265 160 1355 ἡ
183 1268 246 1355 μὲν
269 1262 332 1337 οῦν
355 1269 455 1338 είκδιν
478 1266 540 1357 οῦχ
561 1267 673 1358 ὑγιής·
697 1268 718 1358 ἡ
743 1269 781 1337 δὲ
803 1272 997 1358 προαίρεσις
1021 1272 1181 1338 muel-10

140 1402 213 1455 νοις
240 1376 452 1462 ἐξεταζομένη
479 1390 550 1456 τοῖς
572 1389 702 1465 καιροῖς
724 1373 847 1443 ἀστεία.
891 1382 928 1443 τί
948 1374 991 1463 δὴ
1016 1375 1053 1443 τὸ
1078 1374 1153 1463 μετὰ

139 1485 255 1563 τοῦτος
301 1485 571 1569 ,,Βαδίσωμεν,“
609 1488 712 1570 ἔφην,
748 1483 828 1568 »ἐπὶ
859 1483 989 1570 τὸτῆς
1019 1479 1155 1561 Ἰλιάδος

138 1584 283 1676 Ἀθηνᾶς
304 1591 475 1678 τέμενοςίί.
508 1587 526 1658 ὁ
551 1590 589 1658 δὲ
610 1591 666 1657 καὶ
689 1589 778 1677 μάλα
800 1589 986 1677 προθύμως
1010 1586 1156 1677 ἀπήγαγέ

141 1722 180 1782 με
212 1695 268 1763 καὶ
301 1693 423 1786 ἀνέῳξε
454 1694 516 1763 τὸν
540 1694 650 1779 νεών,
686 1696 742 1762 καὶ
770 1693 880 1784 ὥσπερ
907 1695 1155 1785 μαρτυρόμενος

143 1802 289 1883 ἐπέδειξέ
317 1829 374 1890 μοι
407 1801 515 1869 πάντα
543 1799 687 1888 ἀκριβῶς
714 1805 784 1869 σῶα
811 1801 850 1869 τά
878 1798 1069 1891 ἀγάλματα,
1104 1803 1154 1870 καὶ
1165 1827 1183 1869 15

143 1910 282 1997 ἔπραξεν
304 1905 406 1976 οὐδὲν
427 1899 476 1976 ὧν
494 1909 657 1976 είείθασιν
676 1910 712 1974 οί
728 1912 900 1993 δυσσεβεῖς
918 1908 1042 1976 ἐκείνοι
1062 1887 1153 1997 πράτ-

141 2035 225 2102 τειν,
262 2015 314 2082 ἐπὶ
341 2017 403 2083 τοῦ
429 2012 583 2101 μετώπου
609 2015 672 2080 τοῦ
699 2016 885 2099 δυσσεβοῦς
911 2012 949 2081 τὸ
978 2010 1155 2102 ὑπόμνημα

143 2122 439 2208 σκιαγραφοῦντες,
463 2115 544 2187 οὐδὲ
567 2116 745 2207 ἐσύριττεν,
768 2115 877 2206 ὥσπερ
901 2119 1037 2205 ἐκείνοι,
1061 2118 1156 2198 αὐτὸς

27 2268 31 2274 ·
142 2221 221 2292 καθ’
248 2224 383 2293 ἑαυτόν·
420 2222 441 2313 ἡ
469 2223 534 2311 γάρ
557 2221 642 2313 άκρα
664 2230 826 2310 δεολογία
847 2221 927 2311 παρ’
954 2222 1071 2305 αὐτοῖς
1093 2227 1155 2292 ἐστι

143 2330 206 2398 δύο
229 2335 344 2415 ταῦτα,
368 2336 535 2417 συρίττειν
557 2356 592 2398 τε
614 2329 697 2419 πρὸς
714 2328 794 2409 τοὺς
812 2334 976 2417 δαίμονας
995 2332 1051 2399 καὶ
1072 2351 1183 2399 σκιαα

111 2516 112 2519 ¹
142 2450 286 2523 γραφεϊν
309 2437 361 2503 ἐπὶ
384 2439 446 2503 τοῦ
468 2434 622 2523 μετώπου
644 2436 706 2504 τὸν
729 2435 885 2525 σταυρδν.

233 2539 309 2608 Δύο
336 2544 440 2608 ταῦτα
468 2541 714 2628 ἐπηγγειλάμην
741 2546 846 2611 εἰπεῖν
874 2562 944 2611 σοι·
981 2551 1098 2633 τρίτον
1124 2543 1156 2611 δὲ

144 2646 248 2716 ἐλθὸν
281 2647 333 2715 ἐπὶ
364 2650 450 2715 νοῦν
477 2648 539 2715 οὐκ
557 2646 658 2734 ὀἶμαι
686 2650 806 2736 χρῆναι
835 2652 975 2716 σιαπάν.
1023 2647 1157 2736 ἠκολού-

143 2756 232 2841 θησί
252 2781 309 2842 μοι
332 2753 388 2821 καὶ
411 2752 494 2850 πρὸς
511 2752 548 2821 τὸ
563 2751 744 2840 Ἀχίλλειον
763 2751 780 2821 ὁ
801 2752 913 2839 αὐτός,
935 2756 993 2823 καὶ
1013 2753 1157 2837 ἀπέδειξε

143 2859 203 2929 τὸν
226 2859 336 2947 τάφον
359 2863 464 2928 σῶον·
488 2859 680 2946 ἐπεπύσμην
704 2859 742 2927 δὲ
763 2860 818 2927 καὶ
841 2863 963 2928 τοῦτον
982 2859 1041 2929 ὑπ’
1058 2863 1184 2933 αι’ποῦα

212 3063 228 3110 3
255 3050 472 3125 ἐμπύρους-4
495 3050 537 3108 ἔτι
559 3048 628 3115 τοῦς
651 3049 764 3123 βωμούς
786 3056 886 3123 Hem]
915 3049 1156 3122 ἐμπείρους-ἐπί

144 3124 196 3176 τοῦ
234 3124 312 3193 ωμοῦ
329 3124 408 3177 Harl.
479 3121 570 3182 ίπῶς
588 3123 689 3190 Hem]
709 3117 746 3183 ὡς
764 3125 841 3178 Harl.
894 3126 926 3175 10
944 3118 962 3190 ἡ
982 3123 1038 3190 μὲν
1057 3126 1154 3193 Hem]

144 3187 172 3242 εί
189 3209 209 3258 μ
225 3210 243 3243 ν
261 3194 339 3244 Harl.
398 3194 429 3272 12
446 3186 524 3269 ἔφην
541 3190 641 3258 Hem]
663 3187 720 3259 ἔφη
738 3192 814 3242 Harl.
874 3194 905 3242 14
923 3192 1155 3262 μαρτυρούμενος

142 3259 232 3312 Henn.
296 3264 327 3312 12
345 3255 379 3312 τδ
396 3275 554 3324 νπομνημα
571 3257 623 3312 τοῦ
642 3258 801 3326 δυσσεβοῦς
818 3261 909 3311 Henn.
972 3263 1008 3313 18
1027 3276 1155 3331 σκιαγρα·

144 3325 269 3409 φοῦντες
287 3325 389 3391 Henn.]
412 3325 658 3392 σκιογραφοῦντες
676 3328 756 3377 Harl.
828 3330 859 3379 18
877 3331 904 3377 et
924 3330 955 3378 19
979 3321 1071 3391 αῦτδς
1088 3322 1155 3383 καθ’

144 3389 248 3448 εαυτδν
267 3392 368 3461 Hem]
388 3388 497 3453 αύτούς
514 3387 588 3444 καθ’
608 3386 719 3446 ἑαυτῶν
736 3394 815 3445 Harl.
875 3398 909 3446 20
927 3399 955 3445 ολ
973 3399 1006 3448 21
1027 3412 1155 3463 σκιαγρα·

144 3467 212 3526 φείν
230 3461 332 3526 Henn.]
353 3464 541 3526 σκιογραφεῖν
560 3461 640 3514 Harl.
697 3466 731 3513 24
749 3454 885 3526 ἀπέδειξε
903 3463 1007 3531 Hem]
1025 3457 1154 3528 ἀπέδειξε

140 3527 219 3587 Harl.
290 3531 323 3581 25
342 3521 510 3595 ἐπεπύσμην
529 3526 631 3594 Hem]
651 3523 828 3598 ἐπεπείσμην
846 3530 926 3587 Harl.
