2446 3870
470 156 605 207 οιιλυιο
625 160 658 208 v.
1013 155 1073 220 221

64 285 102 353 έν
129 287 315 373 κεφαλαίῳς
347 283 612 372 κατανοήσαντες
639 281 716 373 ἀχρι
747 286 808 353 τοῦ
835 281 985 372 πέμπτου
1013 284 1075 353 σά-

64 416 166 476 ματος
194 386 236 457 ού
262 386 300 456 τό
329 387 452 475 νοητὸν
478 389 600 476 μόνον,
628 386 711 458 ἀλλὰ
739 391 795 458 καὶ
821 387 861 457 τά
890 390 1077 477 φαινόμενα

64 497 168 563 ταῦτα
197 493 333 582 στόματα
359 496 418 581 τῆς
445 492 600 576 ἀπαθοῦς
627 493 709 564 ὅντα
728 497 784 565 καὶ
810 502 907 576 θείας
933 502 1077 586 μερίδος,

66 599 142 690 ἀχρι
174 600 297 669 τούτου
333 598 437 681 θεοὺς
474 600 634 689 ἐνόμισαν
671 598 870 691 ἀκραιφνεῖς
903 599 1000 670 εἶναι·
1038 605 1077 691 τή

36 713 194 798 τγονίμηι
228 705 266 775 δέ
293 709 361 774 τόν
392 710 485 775 θεων
517 705 617 797 οὐσίᾳ
644 711 711 776 τόν
738 711 817 796 τήδε
843 707 1077 794 παρυποστάν-

64 839 147 898 των,
177 814 211 893 έξ
239 809 353 881 άιδίου
372 813 673 903 συμπροελθούσης
699 816 756 902 τής
774 811 858 899 ὕλης
884 827 955 893 τοῖς
972 824 1077 898 θεοῖς,

64 915 142 1007 παρ’
178 910 291 986 κάτων
324 918 361 986 δέ
393 920 448 987 καὶ
482 916 529 988 δι’
565 916 677 988 αὐτόν
709 917 765 986 διά
801 917 839 986 τὸ
872 913 1121 1010 ύπέρπληρεςΙ)

65 1021 179 1092 αὐτόν
205 1027 263 1110 τής
295 1030 437 1112 γονίμου
465 1026 521 1093 καὶ
553 1028 793 1113 δημιουργικῆς
825 1029 932 1106 αίτίας
963 1021 984 1111 ή
1011 1028 1078 1094 των

66 1127 176 1198 όντων
203 1129 393 1219 προμήθεια
417 1132 673 1218 συνουσιωμένη
692 1145 761 1211 τοῖς
778 1141 873 1210 θεοῖς
892 1132 925 1212 ἐξ
953 1127 1078 1217 ἀιδίου,

27 1237 122 1305 ιοκαὶ
155 1235 334 1316 σύνθωκος
365 1235 427 1323 μέν
459 1228 546 1304 οὖσα
577 1240 622 1328 τῷ
655 1244 786 1324 βασιλεῖ
811 1242 888 1323 Διί,
919 1234 1007 1325 πηγή
1042 1236 1079 1305 δέ

65 1344 134 1408 τῶν
161 1344 291 1430 νοερων
317 1344 420 1428 θεων,
448 1343 504 1410 καί
521 1339 560 1410 τὸ
580 1345 707 1412 δοκούν
734 1340 841 1425 άζωον
868 1344 924 1411 καὶ
952 1340 1078 1429 άγονον

66 1447 122 1515 καὶ
160 1446 331 1534 σκύβαλον
365 1448 421 1516 καὶ
453 1450 521 1516 τῶν
558 1445 682 1536 όντων,
715 1442 789 1517 οἷον
822 1442 865 1516 ἀν
901 1457 989 1518 είποι
1020 1475 1079 1534 τις,

68 1549 291 1642 ἀποκάθαρμα
319 1555 374 1622 καὶ
401 1553 507 1644 τρύγα
526 1555 580 1621 καὶ
609 1549 833 1643 ύποσταθμήν
861 1552 917 1623 διά
945 1557 1003 1642 τής
1028 1580 1079 1622 τε-

69 1664 223 1738 λευταίας
252 1662 322 1728 των
348 1662 457 1747 θεῶν,
489 1665 536 1740 είς
563 1656 607 1746 ἣν
639 1665 677 1728 αί
701 1659 839 1735 πάντων
871 1655 984 1729 οὐσίαι
1011 1663 1080 1727 των

26 1790 54 1833 ιε
67 1765 161 1832 θεόν
193 1761 472 1852 ἀποτελευτῶσιν,
504 1765 668 1853 έκόσμησέ
701 1791 736 1834 τε
772 1766 828 1834 καὶ
860 1763 1079 1855 διωρθώσατο

68 1871 123 1938 καὶ
150 1869 234 1961 πρὸς
260 1869 298 1939 τὸ
324 1885 477 1959 κρεῖττον
503 1872 707 1958 μετέστησεν.
754 1866 772 1938 ό
801 1869 864 1959 γάρ
889 1869 995 1951 ’Ἀττις
1023 1861 1079 1939 οὗ·

67 2001 123 2056 τος
155 1981 241 2063 ἔχων
272 1975 334 2065 τήν
365 1977 582 2046 κατάστικτον
613 1990 683 2057 τοῖς
715 1973 849 2063 ἀστροις
874 1976 994 2063 τιάραν
1021 1973 1132 2048 εύ-ιῖι

68 2086 173 2168 δηλον
206 2079 258 2150 ότι
289 2081 347 2162 τάς
379 2083 514 2152 πάντων
544 2086 613 2151 τῶν
647 2084 741 2152 θεῶν
772 2087 819 2162 είς
849 2078 910 2149 τόν
948 2083 1080 2169 έμφανή

68 2186 196 2276 κόσμον
233 2185 403 2279 ὁρωμένας
433 2189 541 2278 λήξεις
572 2185 674 2279 ἀρχάς
706 2186 882 2275 ἐποιήσατο
915 2190 973 2274 τής
1005 2188 1080 2255 ἑαν-

28 2296 129 2361 ιοτοῦ
169 2300 356 2381 βασιλείας·
398 2291 449 2363 ἐπ’
494 2291 584 2386 αύτῷ
625 2292 662 2363 τὸ
703 2293 764 2382 μὲν
805 2290 986 2384 ἀκραιφνὲς
1026 2295 1082 2362 καὶ

67 2399 223 2487 καθαρὸν
250 2391 294 2487 ήν
321 2397 399 2490 άχρι
427 2402 599 2486 γαλαξίου·
627 2402 704 2491 περὶ
721 2402 842 2469 τοῦτον
869 2400 907 2469 δέ
934 2397 999 2487 ήδη
1023 2398 1082 2469 τὸν

67 2504 174 2574 τόπον
201 2509 409 2594 μιγνυμένου
436 2505 520 2596 πρὸς
542 2505 579 2574 τὸ
599 2503 727 2588 ἀπαθὲς
753 2509 815 2576 τοῦ
841 2509 999 2594 παθητοῦ
1026 2509 1087 2574 καί

67 2613 125 2697 τής
157 2608 241 2699 ὕλης
276 2615 570 2701 παρυφισταμένης
607 2614 751 2699 ἐκεῖθεν,
788 2609 809 2701 ή
841 2611 925 2704 πρὸς
958 2611 1083 2700 ταύτην

68 2724 232 2802 κοινωνία
259 2718 441 2805 κατάβασίς
469 2720 560 2787 ἐστιν
588 2723 634 2800 είς
660 2717 699 2789 τό
728 2716 863 2810 άντρον,
892 2716 955 2788 ούκ
982 2716 1082 2788 ἀκου-

26 2848 55 2892 εσ
69 2828 150 2903 σίως
177 2822 239 2911 μέν
267 2826 428 2912 γενομένη
455 2839 525 2904 τοῖς
543 2835 637 2904 θεοῖς
660 2825 716 2892 καὶ
742 2827 783 2914 τή
809 2825 939 2894 τούτων
957 2830 1118 2911 Μητρί,Β

68 2931 232 3017 λεγομένη
257 2929 294 3000 δὲ
313 2927 481 3011 ἀκουσίως
500 2931 668 3016 γενέσθαι.
705 2930 807 3018 φύσει
830 2929 895 3019 γάρ
919 2933 955 2998 έν
978 2934 1083 3018 κρείτ-

67 3061 143 3105 τονι
174 3033 254 3116 τοὺς
284 3034 389 3116 θεοὺς
421 3034 519 3117 όντας
552 3032 615 3105 οὐκ
647 3038 777 3106 ἐκεῖθεν
809 3037 862 3104 ἐπὶ
889 3035 968 3103 τάδε
999 3044 1082 3103 καθ-

69 3141 179 3212 έλκειν
211 3143 319 3211 ἐθέλει
350 3140 390 3211 τά
422 3149 556 3229 βελτίω,
589 3138 672 3210 ἀλλά
705 3140 762 3211 διά
794 3145 852 3230 τής
883 3143 951 3209 των
978 3167 1083 3232 κρειτ-

69 3247 181 3316 τόνων
213 3246 492 3335 συγκαταβάσεως
527 3250 583 3317 καὶ
620 3251 723 3317 ταῦτα
760 3244 897 3333 ἀνάγειν
934 3248 986 3316 ἐπὶ
1022 3244 1084 3335 τήν

156 3450 173 3498 4
191 3440 297 3500 τούτου
315 3446 352 3513 Η]
371 3445 490 3510 τούτους
560 3451 591 3499 12
611 3446 677 3515 είπη
695 3449 720 3498 V
789 3450 820 3498 13
838 3446 1019 3514 τελευταίας]
1040 3463 1084 3500 τε·

70 3514 206 3574 λευταιάς
226 3512 323 3575 αίτίας
341 3517 368 3565 Η
438 3519 469 3568 19
486 3511 654 3582 ὁρμωμένας
671 3517 702 3565 B.
721 3515 882 3568 Friedorieh
