2446 3870
143 153 203 219 138
444 156 588 207 ιυτιεωι
610 155 852 208 ιυεεεενοωε

140 284 318 372 λειπόμενα
349 282 608 371 περιβαλόμενος
634 285 695 370 γῆς
721 307 756 350 τε
788 277 918 370 ἀπάσης
945 284 1001 351 καὶ
1027 282 1153 353 θαλάτ-

140 419 198 480 της
224 389 340 478 κόριος
367 391 507 475 γένοιτο,
533 385 571 457 τό
598 387 705 478 χρεῶν
724 390 761 456 ἐν
778 391 958 476 Βαβυλῶνι
986 391 1154 476 κατέλαβε.

141 495 338 577 Μακεδόνες
366 494 404 563 δὲ
431 489 589 562 ἀπάντων
615 486 736 584 ἦρχον,
768 485 817 563 ῶν
844 490 901 562 ὑπ’
932 496 1047 586 ἐκείνω
1074 521 1153 584 κτη·

142 602 281 691 σάμενοι
307 601 438 670 πόλεων
461 601 515 668 καὶ
534 602 647 669 ἐθνῶν
675 605 801 688 ἔτυχον.
847 592 902 688 ἀρ’
933 591 996 669 οῦν
1023 605 1070 668 ἔτι
1089 600 1153 689 χρὴ

143 707 200 778 διά
227 707 388 796 μειζόνων
419 714 603 794 τεκμηρίων
631 710 774 794 δηλοῦν,
807 702 852 787 ῶς
880 708 1015 788 ἔνδοξος
1042 705 1103 793 μὲν
1130 703 1182 798 ηε

98 818 341 884 ΒΜακεδονία
367 812 423 882 καὶ
455 812 579 900 μεγάλη
607 810 644 881 τὸ
677 813 828 901 πρόσθεν
855 814 1001 900 γένοιτο;
1033 812 1157 901 ταύτης

143 920 181 989 δέ
209 916 311 1008 αὐτῆς
342 917 380 988 τὸ
413 918 591 1009 κράτιστον
617 914 638 1006 ἡ
671 918 766 1000 πόλις
793 921 918 1006 ἐκείνη,
945 915 990 1006 ἣν
1016 915 1154 1006 ἀνέστη·

144 1041 223 1114 σαν,
259 1025 433 1095 πεσόντων
470 1024 561 1115 οἶμαι
599 1028 788 1111 Θετταλῶν,
820 1028 879 1112 της
909 1021 981 1093 κατ’
1017 1026 1155 1094 ἐκείνων

144 1132 322 1221 ἐπῶννμον
357 1137 461 1219 νίκης.
510 1134 566 1200 καὶ
598 1132 673 1219 περὶ
709 1130 770 1219 μὲν
806 1131 935 1199 τούτων
972 1127 1075 1199 οῦδὲν
1107 1137 1155 1199 ἐτι

143 1242 262 1328 δέομαι
294 1236 479 1326 μακρότερα
515 1237 635 1325 λέγειν·
672 1235 842 1323 εὐγενείας
878 1264 915 1325 γε
947 1234 1015 1325 μην
1046 1243 1080 1305 τί
1109 1233 1153 1305 ἀν
1169 1263 1196 1303 10

143 1352 275 1432 ἔχοιμεν
302 1349 349 1411 ἔτι
376 1341 550 1431 πράγματα
583 1345 809 1430 ἐπιζητοῦντες
837 1343 1071 1433 φανερώτερον
1099 1345 1155 1412 καὶ

143 1448 280 1535 ἐναργές
311 1451 437 1536 μᾶλλον
469 1448 661 1537 τεκμήριονς
693 1449 848 1537 θυγάτηρ
881 1450 945 1539 γάρ
978 1452 1070 1517 ἐστιν
1097 1446 1155 1518 ἀν-

144 1553 224 1646 δρὸς
260 1552 356 1636 ἀξίου
392 1556 612 1642 νομισθέντος
647 1552 708 1643 τὴν
744 1553 922 1644 ἐπῶνυμου
961 1558 1024 1624 τοῦ
1061 1560 1156 1636 ἔτους

143 1658 251 1752 ἀρχὴν
283 1658 451 1750 (ἄρχειν),
487 1660 589 1730 πάλαι
622 1661 683 1749 μέν
717 1659 859 1751 ίσχυράν
890 1663 945 1730 καὶ
982 1667 1156 1748 βασιλείαν

91 1765 291 1855 108ἀτεχνῶς
328 1763 590 1856 ὀνομαζομένην,
623 1770 877 1856 μεταβαλοῦσαν
913 1754 960 1834 δέ
983 1765 1040 1834 διά
1075 1765 1155 1848 τοῦς
1169 1792 1196 1833 ιε

144 1871 206 1943 οῦκ
234 1871 347 1961 ὀρθῶς
373 1875 565 1963 χρωμένους
592 1877 631 1963 τῇ
651 1873 791 1960 δυνάμει
818 1872 856 1942 τό
885 1870 1006 1960 ὄνομα·
1034 1876 1099 1941 νῦν
1118 1873 1155 1943 δὲ
1202 1941 1213 1949 ,

142 1979 209 2069 ἤδη
237 1982 295 2068 τῆς
323 1979 499 2067 δυνάμεως
518 1979 760 2067 ἐπιλειπούσης,
788 1979 901 2067 ἐπειδὴ
921 1976 1004 2067 πρὸς
1031 2006 1155 2068 μοναρ-

144 2094 220 2174 χίαν
251 2084 291 2154 τά
324 2090 382 2175 τῆς
412 2093 578 2167 πολιτείας
609 2088 806 2175 μεθέστηκε,
833 2082 909 2173 τιμη
939 2082 1018 2154 καθ’
1049 2080 1156 2174 αὑτὴν

86 2192 91 2200 ’
142 2197 210 2260 τῶν
243 2190 353 2261 ἀλλων
385 2187 542 2260 ἀπάντων
579 2193 758 2279 στερομένη
791 2190 875 2277 πρὸς
911 2194 1023 2260 πᾶσαν
1056 2188 1157 2278 ἐσχῦν

143 2296 344 2386 ἀντίρροπος
370 2294 578 2383 εἶναιδοκεῖ,
605 2313 675 2378 τοϊς
693 2297 754 2386 μέν
778 2297 925 2378 ίδιῶταις
953 2291 1027 2365 οἷον
1046 2288 1156 2365 ἀθλον
1170 2322 1198 2361 εο

144 2401 343 2490 ἀποκειμένη
371 2404 427 2470 καὶ
455 2404 553 2492 γέρας
580 2400 696 2491 ἀρετῆς
723 2399 743 2491 ἢ
771 2410 911 2483 πίστεως
938 2400 960 2491 η’
982 2428 1073 2482 τινος
1100 2399 1156 2471 εῦ-

143 2515 239 2589 νοίας
270 2510 326 2577 καὶ
353 2503 536 2596 ὑπηρεσίας
562 2511 638 2595 περὶ
669 2506 749 2589 τοῦς
775 2512 844 2577 τῶν
876 2506 966 2577 ὅλων
993 2506 1157 2598 ἀρχοντας

102 2610 165 2702 Βῆ
202 2614 351 2702 πράξεως
387 2617 548 2703 λαμπράς,
585 2630 655 2696 τοῖς
692 2617 866 2702 βασιλεῦσι
904 2614 941 2683 δὲ
981 2612 1065 2703 πρὸς
1107 2608 1158 2694 οἷς

144 2727 278 2808 ἐχουσιν
316 2717 458 2808 ἀγαθοῖς
495 2716 570 2790 οἷον
607 2720 738 2809 ἀγαλμα
770 2721 825 2789 καὶ
857 2720 981 2808 κόσμος
1012 2723 1156 2789 ἐπιτιθε·

143 2829 239 2915 μένη·
275 2830 344 2896 τῶν
370 2826 431 2914 μὲν
463 2825 528 2915 γάρ
555 2824 666 2895 ἀλλων
689 2823 866 2914 ὀνομάτων
892 2853 927 2894 τε
954 2827 1010 2895 καὶ
1038 2831 1157 2911 ἔργων,
1172 2850 1200 2890 ετ

144 2929 251 3003 ὁπόσα
283 2936 341 3021 της
373 2935 513 3013 παλαιάς
546 2935 673 3020 ἐκείνης
700 2939 866 3012 πολιτείας
885 2931 1050 3014 ,διασῶζει
1081 2924 1158 3000 τινά

213 3192 227 3240 1
254 3181 480 3256 περιβαλόμενος
501 3185 545 3254 Μ]
572 3181 815 3255 περιβαλλόμενος
895 3190 911 3238 6
939 3185 1101 3249 μακεδονία
1125 3186 1159 3254 V]

144 3250 327 3311 Μακεδόνων
359 3257 363 3322 Ι
396 3249 428 3308 τό
453 3258 548 3308 om.V
624 3258 666 3306 -11
690 3251 805 3321 ἐχοιμεν
824 3248 865 3306 ἐτι
887 3251 948 3315 πρά
965 3271 1043 3321 ματα
1062 3253 1098 3320 V]
1117 3250 1160 3306 ἔτι

144 3320 299 3391 πράγματα
317 3321 432 3397 ἔχοιμεν
501 3328 533 3375 14
552 3316 645 3389 ἀρχὴν
663 3313 763 3389 ἀρχειν
781 3324 816 3372 Η.
836 3329 864 3373 ελ
883 3273 964 3388 00υά
982 3316 1074 3390 ἀρχὴν
1128 3324 1160 3374 15

144 3384 359 3458 ὀνομαζομένην
377 3389 456 3456 Gob.]
474 3387 690 3470 νομιζομένηντ
735 3392 766 3441 17
785 3380 988 3456 ἐπιλειπούσης
1006 3387 1081 3508 VM}
1098 3381 1161 3440 ἐπι-

146 3452 284 3519 λιποῦσης
365 3461 397 3509 18
414 3458 444 3510 τί
460 3453 543 3525 μὴν
622 3461 655 3510 20
673 3457 769 3509 αθλον
785 3454 824 3523 Μ]
844 3449 939 3509 ἀθλον
1016 3459 1050 3507 ‘24

139 3522 269 3591 θειμένη
285 3525 314 3573 Μ
586 3535 590 3546 ·

1082 3473 1160 3510 mn·
