2446 3870
149 151 213 216 214
455 154 599 207 ιυοιεειι
621 154 863 209 mummolus

150 279 291 369 ουργύυ,
325 277 361 362 ὃς
389 275 470 368 ἡμῖν
502 277 544 350 ού
570 280 701 350 τούτων
728 280 835 368 μόνον
863 284 968 369 ἐστίν,
996 279 1080 351 ἀλλά
1108 285 1165 353 καὶ

149 389 210 456 τού
247 388 455 474 φαινομένου
492 388 549 455 καί
590 383 737 474 πέμπτου
775 387 926 475 σώματος
962 386 1069 477 πατὴρ
1108 392 1165 458 καί

107 492 323 581 Βίεσπύτης·
352 489 584 573 ἀποὸιελόυτες
612 495 743 563 ἐκείνου
770 490 830 561 τὸν
848 491 970 580 Ἄττιν,
997 493 1060 582 τὴν
1087 494 1166 585 ἀχρι

148 602 206 687 τῆς
238 597 320 688 ὕλης
350 604 623 687 καταβαίνουσαν
656 604 780 686 αἰτίαν,
813 601 868 668 καί
900 598 985 669 θεὸν
1022 600 1165 689 γόνιμον

140 703 252 774 ’Ἁττιν
280 703 367 774 εἰναι
394 707 450 774 καὶ
479 705 609 774 Γάλλον
635 703 907 793 πεπιστεύκαμεν,
936 703 977 774 ὃν
996 706 1039 796 δή
1058 728 1191 796 φησινε

149 807 163 880 c‘
195 813 305 899 μῦθος
332 809 480 901 ἀνθῆσαι
507 811 569 899 μὲν
596 813 772 882 ἐκτεθέντα
795 810 884 900 παρά
904 812 1034 882 Γάλλου
1061 834 1165 882 ποτα-

148 921 214 1005 μοῦ
254 932 326 999 ταῖς
363 923 487 1004 δίναις,
525 916 594 988 εἰτα
635 917 739 988 καλὸν
776 919 924 1006 φανέντα
965 921 1021 988 καί
1058 921 1165 1007 μέγαν

149 1021 366 1113 ἀγαπηθῆναι
397 1024 486 1116 παρὰ
518 1028 576 1114 τῆς
607 1022 746 1116 Μητρὸς
781 1027 849 1093 τάν
880 1028 982 1094 θεῶν.
1031 1024 1094 1114 τὴν
1127 1026 1165 1095 δὲ

147 1130 188 1198 τά
215 1158 250 1200 τε
278 1129 360 1199 ἀλλα
387 1131 497 1200 πάντα
525 1131 695 1219 ἐπιτρέψαι
728 1127 819 1222 αύτῷ
847 1133 902 1200 καὶ
930 1129 990 1200 τὸν
1017 1127 1164 1221 ἀστερω-

147 1234 207 1305 τὸν
240 1239 405 1306 ἐπνθεῖναι
437 1246 545 1306 πῖλον.
595 1233 667 1304 ἀλλ’
703 1242 733 1305 εἰ
768 1235 830 1325 τὴν
862 1235 1017 1328 κορυφὴν
1051 1239 1163 1308 σκέπει
1178 1270 1202 1308 ιο

109 1354 130 1410 0
149 1339 371 1422 τούἍττιάος
389 1337 407 1410 ὁ
427 1342 632 1431 φαινόμενος
649 1339 795 1432 ούρανὸς
809 1338 936 1431 ούτοσί,
955 1341 1016 1413 τὸν
1031 1344 1164 1414 Γάλλον

147 1445 297 1535 ποταμὸν
324 1446 389 1536 ἀρα
417 1448 462 1537 μή
480 1473 560 1518 ποτε
577 1447 639 1540 χρὴ
667 1447 728 1518 τὸν
746 1451 909 1536 γαλαξίαν
936 1450 1164 1537 μαντεύεσθαι

147 1552 285 1636 κύκλον;
319 1556 469 1624 ἐνταῦθα
501 1555 565 1646 γάρ
598 1573 681 1642 φασι
714 1562 900 1643 μίγνυσθαι
932 1553 969 1624 τὸ
1005 1556 1163 1644 παθητὸν

148 1662 241 1748 σῶμα
279 1658 362 1751 πρὸς
393 1658 455 1750 τὴν
487 1658 601 1750 ἀπαθῆ
639 1663 700 1730 τοῦ
737 1664 886 1750 πέμπτου
922 1669 1163 1751 κυκλοφορίαν.

148 1763 223 1854 ἀχρι
263 1795 314 1837 τοι
351 1768 480 1837 τούτων
522 1770 699 1856 ἐπέτρεψεν
736 1763 756 1856 ἡ
795 1767 917 1857 Μήτηρ
958 1770 1026 1836 τῶν
1067 1772 1161 1838 θεῶν
1176 1797 1199 1838 15

147 1876 284 1963 σκιρτᾶν
316 1902 351 1944 τε
382 1876 437 1943 καί
469 1874 621 1965 χορεύειν
657 1875 704 1966 τῷ
736 1876 825 1965 καλῷ
857 1873 963 1964 τούτῳ
997 1875 1054 1943 καί
1090 1890 1163 1956 ταῖς

147 1973 298 2067 ἡλιακαῖς
317 1977 448 2050 ἀκτῖσιν
467 1983 603 2072 ἐμφερεῖ
621 1981 698 2072 [τῷ]
726 1982 833 2072 νοερῷ
851 1982 933 2072 θεῷ,
961 1982 1007 2072 τῷ
1027 1978 1161 2051 ’Ἀττιθι
1197 1971 1201 1977 ’

147 2080 165 2152 ὁ
199 2085 236 2155 δὲ
273 2085 384 2176 ἐπειδὴ
423 2084 552 2178 προῖὼν
588 2079 694 2175 ἦλθεν
731 2084 807 2177 ἀχρι
844 2090 912 2154 τάν
944 2087 1109 2175 ἐσχάτων,
1132 2083 1160 2162 ,ὁ

146 2194 257 2277 μῦθος
284 2190 389 2263 αὐτὸν
417 2199 464 2273 εἰς
491 2190 528 2262 τὸ
548 2191 672 2280 ἀντρον
700 2201 875 2262 κατελθεῖν
903 2199 967 2280 ἔφη
996 2195 1051 2261 καί
1080 2213 1162 2280 συγ-

146 2298 304 2380 γενέσθαι
342 2301 380 2387 τῇ
417 2297 549 2387 νύμφη,
585 2296 623 2367 τὸ
661 2303 804 2389 ὃίυγρον
841 2298 1067 2385 αἰνιττόμενος
1103 2302 1162 2387 τῆς
1175 2330 1202 2368 το

105 2417 130 2469 Ι)
150 2397 245 2489 ὕλης·
278 2405 332 2471 καί
361 2400 441 2473 οὐδὲ
473 2403 536 2492 τὴν
563 2401 650 2492 ύλην
678 2402 783 2492 αὐτὴν
811 2407 877 2472 νύν
908 2411 989 2493 ἔφη,
1021 2402 1083 2493 τὴν
1111 2432 1161 2474 τε-

147 2514 303 2577 λευταίαν
331 2509 369 2579 δὲ
396 2515 507 2579 αἰτίαν
535 2506 722 2598 άσάματον,
750 2506 771 2599 ἢ
795 2513 852 2599 τῆς
871 2508 953 2600 ύλης
970 2512 1161 2601 προέστηκε.
1215 2575 1217 2578 ,

147 2613 278 2699 λέγεταί
301 2643 353 2685 τοι
380 2618 435 2686 καί
463 2614 547 2707 πρὸς
571 2611 785 2707 Ἡρακλείτου

225 2742 373 2827 φυχῇσιν
399 2741 549 2822 θάνατος
575 2735 698 2829 ύγρῇσι
725 2742 892 2827 γενέσθαι.

216 2974 326 3032 Ιίστίν
344 2979 382 3048 Η]
403 2975 465 3032 ἔστί
531 2971 599 3034 οόν
617 2973 654 3048 δὴ
673 2980 711 3047 Η]
732 2974 766 3033 ὃν
785 2975 817 3032 δὲ
836 2997 867 3042 ν,
892 2974 942 3032 τὸν
961 2975 995 3032 δὲ
1014 2982 1075 3032 Pet.
1130 2985 1161 3034 10

147 3039 308 3113 ἐπιθεῖναι]
333 3049 501 3110 περιθεῖναι
524 3050 573 3107 Η,
590 3049 627 3099 οἰ.
650 3051 810 3114 περικτίται
833 3048 916 3099 1680
940 3053 968 3100 et
991 3048 1107 3100 Sallust.
1126 3050 1160 3100 de

146 3115 181 3164 D.
201 3122 230 3165 et
248 3117 283 3166 M.
309 3132 333 3181 p,
353 3119 403 3167 249
425 3113 476 3167 τὸν
499 3108 659 3181 ἀστερωπὸν
685 3107 762 3185 αύτῷ
781 3116 949 3180 περιθεῖναι
966 3117 1062 3168 πῖλον.
1097 3117 1158 3168 vid.

147 3185 239 3232 tumen
258 3181 358 3234 Cobeti
376 3186 407 3236 V.
431 3184 464 3235 L.
485 3200 511 3249 p.
532 3187 581 3236 190
651 3187 682 3234 12
701 3175 759 3248 ἀρα
777 3181 815 3251 Η]
836 3169 892 3247 ἀρα
919 3183 924 3248 Ι
949 3175 1160 3250 μαντεύεσθαι]

147 3243 332 3302 αἰνίττεσθαι
350 3253 386 3303 Η.
411 3251 453 3303 ef.
467 3251 581 3303 Sallust.
600 3267 627 3316 p.
640 3253 690 3302 250
708 3242 723 3304 ὁ
743 3243 798 3317 γάρ
817 3244 929 3312 Γάλλος
947 3245 998 3303 τὰν
1016 3250 1161 3319 γαλαξίαν

74 3354 75 3360 ,
148 3311 309 3368 αἰνίττεται
328 3312 435 3371 κύκλον
517 3321 548 3370 17
566 3317 604 3388 τῷ
623 3319 733 3370 uncinis
751 3318 864 3370 inclusit
882 3319 909 3368 H
989 3322 1022 3371 20
1040 3316 1161 3385 ὃίνγρον

55 3352 96 3423 ⁴⁹
146 3384 178 3434 Β.
197 3384 368 3451 Friederich]
394 3384 495 3438 ὃίυλον
582 3389 614 3438 22
636 3381 803 3452 προέστηκε]
825 3387 865 3448 Et
883 3385 1012 3438 hocloco
1030 3381 1161 3452 προϋφέ-

148 3463 232 3514 στηκε
263 3457 289 3502 et
326 3453 410 3505 163Α
439 3451 656 3518 προύφεστῶτες
685 3453 871 3518 scribendum,
902 3455 1051 3519 eodemque
1081 3453 1161 3506 modo

142 3517 197 3566 167
206 3517 230 3565 Β
248 3523 276 3566 et
294 3521 377 3572 1740
398 3522 587 3587 corrigendum
