2436 3870
225 158 408 210 EPISTOLA
426 158 475 208 ευ
495 158 522 210 s.
541 161 572 210 P.
592 159 624 220 ο.
644 158 918 210 κτωυαιιιιιευιι.
1021 156 1085 220 365
1160 189 1165 208 .

71 287 175 375 φθεὶς
203 281 254 353 ἐπ’
284 281 366 354 αὐτὸ
385 287 484 354 τοῦτο
503 289 751 353 Κωνσταντίου.
787 286 943 370 λέγοντος
962 286 1002 354 δέ
1017 314 1085 374 μου

70 395 195 480 χρῆναι
221 380 410 479 πἐριμένειν
443 397 491 460 ἐτι
509 399 751 460 ’Λουππικῖνον
778 393 834 460 καὶ
863 392 1085 480 Φλωρέντιον,

72 494 187 579 οὐδεὶς
216 494 378 584 ἤκουσεν,
410 492 482 565 ἀλλ’
512 503 628 583 ἔλεγον
646 496 778 578 Ιπάντες
805 493 1006 567 τούναντίον
1034 495 1085 567 ὅτι

72 609 127 673 δεῖ
151 617 276 689 ποιεῖν,
308 607 340 671 εί
365 600 410 690 μὴ
438 602 603 691 βούλομαι
630 616 703 684 ταῖς
728 603 976 692 προλαβοάσαις
1002 598 1085 673 ὑπο-

43 715 167 792 πενίαις
195 705 305 799 ὥσπερ
333 705 506 790 ἀπόδειξιν
528 711 584 778 καί
601 708 779 799 τεκμήριον
800 712 900 779 τοῦτο
927 719 1084 799 προσθεῖ·
1105 723 1129 778 Ι)

71 843 139 884 ναι.
189 812 261 884 εἶτα
291 816 503 904 προσέθεσαν
536 809 581 896 ἀς
612 818 691 884 Νὖν
727 815 789 903 μέν
826 818 1087 904 ἐκπεμφθέντων

72 919 189 990 αὐτῶν
217 920 280 990 σόν
307 924 376 989 ἐστι
402 919 440 990 τὸ
468 926 579 1010 ἐργον,
608 917 822 1008 ἀφικομένων
841 922 879 991 δὲ
896 922 1027 991 τούτων
1045 919 1088 992 οὐ
1139 1016 1140 1019 ¹
1188 1014 1189 1019 ρ

72 1029 129 1097 σοί
162 1029 277 1112 τοῦτο,
309 1023 382 1096 ἀλλ’
412 1029 552 1108 ἐκείνοις
582 1035 741 1113 λογιεῖται
768 1028 1016 1114 Κωυστάντιος,
1044 1027 1087 1096 σὺ

72 1132 111 1201 δὲ
139 1136 177 1201 ἐν
204 1137 295 1224 αἰτίᾳ
322 1128 454 1222 γενήσῃ.
491 1132 616 1221 γράψαι
643 1160 683 1221 με
710 1138 846 1203 ἔπεισαν
873 1131 979 1226 αὐτῷ,
1007 1137 1086 1223 μάλ-

34 1248 135 1312 ιοελον
162 1238 205 1327 δέ,
231 1239 427 1326 ἐβιάσαντο·
458 1245 610 1308 πείθεται
636 1239 698 1327 μέν
729 1237 793 1329 γάρ
826 1242 966 1326 ἐκεῖνος,
999 1231 1087 1334 ᾧπερ

72 1346 179 1426 ἔξεστι
210 1346 266 1413 καὶ
297 1343 347 1433 μὴ
374 1348 570 1433 πεισθῆναι,
603 1345 678 1433 βιάζ
662 1353 776 1429 ζεσθαι
803 1346 891 1415 δέο
873 1341 924 1429 οίς
951 1342 995 1415 ἀν
1021 1349 1087 1435 ἐξῇ,

72 1453 136 1519 τοῦ
162 1457 295 1520 πείθειν
322 1447 425 1520 οὐδὲν
443 1453 677 1539 προσδέονται
705 1449 832 1522 οὔκουν
856 1449 972 1522 οὐδὲο
975 1457 1087 1541 ί-βια

12 1574 14 1579 “
73 1557 214 1637 σθέντες
243 1560 312 1625 τῶν
344 1558 572 1644 πεπεισμένων
598 1562 700 1643 είσίν,
733 1554 816 1626 ἀλλά
842 1584 911 1626 των
943 1556 1087 1645 ἀναγκα-

73 1663 236 1731 σθέντων.
282 1664 489 1750 ἐσκοποῦμεν
516 1665 682 1748 ἐνταῦθα,
714 1669 816 1731 ποίαν
848 1659 931 1732 ὁδὸν
959 1659 1141 1744 αὐτοὺςυει

32 1800 60 1842 ιε
73 1765 137 1857 χρὴ
164 1772 323 1856 βαδίζειν,
351 1771 462 1857 διττῆς
489 1765 600 1856 οὔσης.
646 1766 711 1856 ἐγὼ
738 1767 800 1857 μέν
826 1765 945 1857 ἠξίουν
972 1771 1089 1858 ἑτέραν

73 1877 255 1962 τραπῆναι,
288 1878 324 1944 ολ
353 1874 390 1944 δὲ
418 1865 521 1956 αὖθις
552 1870 797 1962 ἀναγκάζουσιν
829 1877 960 1962 ἐκείνην
993 1876 1089 1960 ίέναι,

75 1978 121 2066 μὴ
149 1973 262 2050 τοῦτο
277 1977 360 2049 αὐτὸ
388 1981 571 2068 γενόμενον
589 1977 700 2070 ὥσπερ
728 1977 886 2069 ἀφορμήν
909 2006 984 2048 τινα
1012 1981 1088 2049 στά-

75 2104 160 2166 σεως
191 2101 263 2167 τοῖς
299 2085 514 2176 στρατιώταις
549 2086 701 2175 παράσχῃ
733 2088 789 2155 καί
824 2089 970 2175 ταραχῆς
999 2112 1090 2168 τινος

75 2200 185 2261 αίτιον
203 2195 349 2280 γένηται,
377 2190 448 2261 εἶτα
466 2191 652 2275 στασιάζειν
675 2189 761 2274 ἅπαξ
784 2189 963 2282 ἀρξάμενοι
981 2191 1089 2262 πάντα

35 2330 62 2370 ιο
76 2293 212 2387 ἀθρόως
243 2299 440 2388 ταράξωσιν.
485 2297 594 2368 ἐδόκει
626 2298 663 2368 τὸ
697 2301 772 2380 δέος
805 2295 847 2369 οὐ
877 2298 1090 2369 παντάπασιν

75 2400 202 2492 ἀλογον
243 2402 330 2473 εἶναι
369 2408 438 2473 τῶν
478 2402 679 2495 ἀνθρώπων.
729 2396 829 2493 ἦλθεΥ
852 2404 894 2474 τὰ
929 2405 1090 2495 τάγματα,

75 2505 252 2598 ἀπήντησα
279 2509 362 2579 κατά
388 2508 426 2579 τὸ
454 2513 695 2599 νενομισμένον
723 2508 847 2598 αὐτοῖς,
875 2517 1009 2600 ἔχεσθαι
1031 2516 1126 2602 τῆςΒ

77 2611 164 2685 ὁδοῦ
195 2617 400 2705 προάτρεψα·
436 2623 518 2704 μίαν
549 2613 677 2706 ἡμέραν
709 2619 894 2706 ἐπέμεινεν,
926 2616 1021 2708 ἀχρις
1052 2611 1091 2708 ἧς

78 2717 181 2790 οὐδὲν
217 2719 313 2810 ᾔδειν
345 2719 410 2808 ἐγω
441 2724 510 2790 των
541 2724 816 2811 βεβουλευμένων
848 2721 974 2805 αάτοίς·
1012 2733 1100 2792 ἴστω

35 2857 63 2900 ιε
77 2827 177 2914 Ζεύς,
206 2825 335 2914 Ἥλιος,
364 2825 480 2917 Ἄρης,
514 2825 641 2916 Ἀθηνᾶ
677 2830 733 2896 καί
768 2828 888 2909 πάντες
924 2836 1027 2916 θεοί,
1048 2826 1093 2910 ὡς

72 2929 160 3032 οὐδὲ
189 2932 289 3021 ἐγγὺς
320 2931 460 3022 ἀφίκετό
492 2934 559 3022 μοά
590 2961 639 3016 τις
670 2933 806 3022 τοιαύτη
839 2928 984 3004 ὑπόνοια
1016 2932 1091 3023 ἀχρι

80 3044 192 3127 δείλης
219 3037 335 3128 αὐτῆς·
365 3037 463 3121 ὀψίας
491 3039 528 3108 δέ
555 3037 620 3129 ἤδη
640 3041 714 3129 περὶ
741 3036 840 3128 ἡλίου
868 3039 997 3128 δυσμάς
1015 3043 1091 3129 ἐμη-

78 3244 142 3305 διος
162 3246 299 3296 excidisse
316 3250 398 3309 putat
416 3234 490 3296 ἀλλά
560 3249 576 3296 3
595 3239 694 3304 οὐδεὶς
711 3241 749 3310 Η]
770 3234 872 3304 υάδεις
942 3249 1025 3296 3et4
1047 3263 1093 3297 οτι

78 3311 129 3365 δει
146 3314 172 3364 Η
205 3301 292 3366 οδει
307 3315 331 3365 V
351 3320 423 3376 etv,
442 3311 507 3364 δεῖν
526 3312 596 3362 Cob.
676 3307 850 3392 6προσέ...
872 3316 927 3378 pet.
997 3316 1093 3364 7οι8

77 3373 128 3431 ον’
139 3397 172 3432 σο
208 3382 231 3432 V
271 3371 306 3432 οὔ
330 3395 375 3431 σοι
460 3383 475 3431 9
502 3373 626 3458 γράψαι]
651 3372 688 3445 δὴ
712 3379 864 3430 addendum
883 3379 992 3431 videtur
1061 3383 1092 3431 12

72 3440 189 3500 υτιιουν
206 3450 233 3498 Η
262 3441 370 3500 υυκοῦν
440 3450 471 3498 14
489 3440 668 3527 ἐσκοπονμεν
685 3444 760 3512 Pet]
779 3439 968 3499 ἐσκόπουν
937 3464 992 3568 μεν
1060 3451 1093 3501 20

77 3510 242 3581 ταράξωσιν
261 3518 286 3565 Η
307 3521 334 3566 et
352 3513 431 3581 Gob]
452 3509 625 3581 ταράξουσιν
694 3518 727 3565 24
746 3508 815 3568 ου’δέ
817 3534 834 3566 ν
852 3513 890 3582 Η]
910 3508 1004 3570 ου’θδν
