2446 3870
69 118 70 121 Ἴ
132 153 194 217 218
284 217 290 228 ,
433 155 578 208 ιοιιιαι
599 154 847 207 ιιιεοοινοιαε

95 277 177 352 Βάν
209 276 350 368 ἁμάρτοι
382 309 432 362 τις
470 278 574 350 αὐτὸν
601 276 792 368 ὑπολαβών.
842 276 985 368 ἡμίθεον
1018 280 1056 349 δέ
1089 280 1148 349 διά

132 390 231 456 τούτο
260 382 278 456 ὁ
306 386 416 475 μῦθός
444 406 541 475 φησι,
574 385 635 475 τῆν
661 385 744 474 πρὸς
771 384 850 466 τοὺς
877 384 1058 474 ἀτρέπτους
1086 384 1147 455 αύ-

132 497 195 562 τού
234 491 339 574 θεοὺς
384 491 639 580 ἐνδεικνύμενος
679 492 858 580 διαφοράν.
913 495 1148 583 δορυφοροῦσι

133 597 197 689 γάρ
225 595 330 668 αὐτὸν
356 596 446 685 παρὰ
473 602 530 686 τῆς
557 596 695 687 Μητρὸς
723 601 881 678 δοθέντες
909 603 944 667 οί
968 597 1146 685 Κορύβαν-

132 732 199 793 τες,
236 710 274 773 αί
301 719 388 794 τρεῖς
420 701 553 793 ἀρχικοὶ
584 706 652 772 τάν
688 702 768 793 μετά
803 702 907 785 θεούς
939 702 1173 792 κρεισσόνων5

132 815 241 897 γενῶν
277 806 482 891 ὑποστάσεις.
528 808 620 901 ἀρχει
657 809 695 878 δέ
726 811 782 880 καὶ
818 812 886 878 τῶν
918 808 1080 896 λεόντων,
1114 815 1149 878 οδ

132 917 194 1005 τῆν
230 923 398 1006 ἔνθερμον
439 913 561 985 ούσίαν
597 918 652 985 καί
688 915 828 1004 πυροίδη
870 915 1147 1003 κατανειμάμενοι

132 1020 212 1111 μετά
240 1026 301 1093 τού
329 1026 427 1111 σφῶν
454 1023 594 1112 ἐξάρχου
622 1024 757 1103 λέοντος
784 1030 885 1090 αίτιοι
911 1024 957 1113 τῷ
984 1021 1067 1109 πυρί
1085 1019 1146 1108 μέν

131 1129 284 1218 πρώτοις,
317 1126 374 1198 διὰ
406 1127 444 1197 δὲ
476 1131 533 1216 τῆς
566 1128 706 1197 ἐνθένδε
741 1127 947 1216 θερμότητος
979 1128 1147 1214 ἐνεργείας

95 1248 168 1304 Ovs
198 1237 368 1323 κινητικῆς
400 1242 500 1302 αίτιοι
533 1235 589 1302 καὶ
620 1247 690 1313 τοῖς
722 1231 833 1313 ἀλλοις
865 1234 930 1301 είσὶ
967 1239 1145 1322 σωτηρίας·
1161 1252 1186 1291 10

132 1347 313 1427 περίκειται
331 1338 368 1407 δέ
386 1336 446 1406 τὸν
465 1335 615 1425 ούρανδν
638 1334 713 1406 ἀντὶ
731 1338 858 1426 τιάρας,
886 1340 1016 1407 έκείθεν
1035 1335 1146 1427 ὥσπερ

133 1446 186 1512 ἐπὶ
213 1447 277 1533 γῆν
306 1439 506 1534 ὁρμώμενος.
548 1435 646 1524 οὗτος
669 1441 807 1533 όμέγας
828 1440 910 1532 ῆμίν
936 1443 1018 1524 θεὸς
1037 1441 1148 1525 ’Ἁττις

133 1552 236 1618 έστίν·
269 1541 368 1618 αὗται
399 1552 461 1619 τού
489 1552 650 1638 βασιλέως
669 1549 820 1631 ’Ἀττιδος
852 1555 890 1618 αί
913 1549 1147 1640 θρηνούμεναι

131 1657 212 1737 τέως
231 1658 337 1744 φυγαὶ
364 1657 420 1726 καὶ
438 1655 577 1746 κρύψεις
604 1658 659 1725 καὶ
679 1654 863 1744 ἀφανισμοὶ
891 1657 1008 1724 καλαί
1034 1655 1148 1736 δύσεις

133 1767 171 1830 αί
195 1761 279 1831 κατά
310 1760 348 1831 τὸ
381 1759 514 1853 ἀντρον.
559 1762 717 1851 τεκμήρια
749 1761 787 1830 δὲ
819 1767 901 1830 έστω
934 1789 990 1850 μοι
1022 1761 1146 1830 τούτου
1161 1778 1184 1818 1⁵

133 1862 151 1936 ὁ
183 1869 319 1957 χρόνος,
357 1871 394 1937 ἐν
426 1859 454 1961 ᾦ
490 1874 625 1954 γίνεται.
671 1866 851 1956 τέμνεσθαι
889 1867 952 1956 γάρ
992 1887 1076 1955 φασι
1107 1865 1146 1936 τὸ

134 1974 225 2065 ίερὸν
253 1976 397 2066 δένδρον
415 1971 495 2044 καθ’
525 1971 568 2062 ῆν
587 1970 714 2064 ἡμέραν
742 1970 760 2043 δ
788 1971 882 2061 ῆλιος
901 1975 954 2043 ἐπὶ
981 1972 1019 2042 τὸ
1039 1970 1147 2064 ἀκρον

133 2084 190 2168 τῆς
219 2084 412 2170 ίσημερινῆς
439 2076 560 2163 ἀψῖδος
588 2086 727 2171 ἔρχεται·
762 2076 828 2149 εύθ’
859 2080 932 2166 ἑξῆς
954 2087 1148 2167 περισαλπι-

88 2185 217 2274 Βσμὸς
244 2186 548 2276 παραλαμβάνεται·
580 2189 621 2275 τῆ
638 2192 732 2275 τρίτη
755 2185 793 2256 δὲ
810 2185 960 2273 τέμνεται
987 2182 1025 2253 τό
1055 2182 1148 2273 ἱερὸν

132 2292 188 2358 καὶ
215 2288 405 2380 ἀπόρρητον
431 2293 534 2378 θέρος
560 2294 621 2359 τοῦ
647 2295 734 2360 θεοῦ
762 2291 907 2360 Γάλλου·
936 2292 988 2359 ἐπὶ
1016 2290 1148 2371 τούτοις
1161 2307 1187 2346 ²⁰

128 2391 262 2483 Ἱλάρια,
291 2403 389 2483 φασί,
422 2398 477 2465 καὶ
506 2397 626 2483 ἑορταί.
673 2395 724 2466 ὅτι
755 2396 817 2485 μὲν
845 2388 908 2466 ούν
936 2395 1050 2476 στάσις
1077 2397 1148 2465 ἐστὶ

132 2503 190 2588 τῆς
227 2498 377 2592 ἀπειρίας
407 2497 428 2588 ἡ
460 2502 676 2590 θρυλουμένη
710 2501 799 2591 παρὰ
830 2516 900 2584 τοῖς
932 2510 1067 2583 πολλοῖς
1095 2504 1147 2570 έκ-

132 2605 241 2695 τομῆ,
258 2606 438 2696 ’πρόδηλον
471 2609 505 2688 ἐξ
537 2598 586 2675 οἷν
622 2603 722 2696 ἡνίκα
759 2604 777 2676 ὁ
810 2610 912 2696 μέγας
936 2605 1050 2688 Ἤλιος
1086 2610 1148 2676 τοῦ

134 2716 331 2802 ίσημερινού
349 2713 483 2795 ψαύσας
500 2712 637 2801 κύκλον,
666 2719 722 2784 ἵνα
741 2713 778 2783 τὸ
798 2713 939 2802 μάλιστα
958 2709 1147 2805 ὡρισμένον

133 2822 215 2888 έστί·
243 2817 280 2888 τὸ
308 2816 453 2908 μὲνγὰρ
481 2827 557 2889 ίσον
577 2814 764 2908 ὡρισμένον
792 2823 871 2907 ἐστί,
899 2816 938 2889 τὸ
961 2819 999 2888 δὲ
1027 2817 1187 2888 ἀνισονθ

133 2923 271 3016 ἀπειρόν
298 2953 333 2994 τε
359 2926 415 2994 καί
442 2921 660 3014 ἀδιεξίτητον·
680 2923 777 2995 ,κατά
805 2923 865 2994 τὸν
896 2925 999 3012 λόγον
1027 2921 1148 2994 αύτίκα

80 3031 174 3105 1σοτδ
203 3034 348 3123 δένδρον
374 3032 537 3120 τέμνεται·
566 3027 628 3102 εἶθ’
660 3033 733 3121 ἑξῆς
760 3038 886 3119 γίνεται
910 3030 951 3100 τδι
969 3031 1079 3118 λοιπά,
1106 3027 1148 3098 τά

219 3241 250 3290 13
268 3230 345 3290 ἐστίν
363 3235 399 3304 Η]
419 3231 481 3289 ἐστί
565 3239 598 3288 20
616 3228 664 3288 έπί
682 3239 746 3287 Pet:
758 3237 788 3286 in
805 3236 934 3287 lemmate
954 3236 1147 3287 annotationis

133 3309 162 3355 et
180 3305 218 3356 Ρο
235 3310 308 3356 testo
325 3304 457 3370 Heylerol
482 3296 545 3356 ἐπεὶ
630 3306 663 3354 22
680 3300 866 3370 θρυλουμένη
885 3301 923 3370 Η]
944 3300 1146 3369 θρυλλοομίνη

133 3441 166 3556 ῗδ
184 3371 271 3506 ῆνάκα
295 3388 324 3503 έῖ
348 3426 389 3491 ὧν
410 3440 443 3491 V.
479 3439 599 3504 „Manca
623 3442 665 3490 est
682 3436 800 3489 oratio.“
825 3439 887 3489 Pet.
974 3440 1007 3488 25
1026 3436 1089 3489 ἴσον
1107 3435 1146 3503 Η]

146 3519 196 3557 σον
