2408 3856
135 179 178 245 54
437 179 581 231 IULIANI
597 177 851 232 IMPERATORIS

133 308 316 397 γενόμενος
346 310 451 376 ταῦτα
482 307 544 395 μέν
576 298 625 374 οἷν
658 302 831 397 ἀφῄρηντο
864 307 965 376 πάλιν
998 309 1152 396 ἐχαρίσω,

135 412 251 506 ἀρκεῖν
279 414 431 502 οίόμενος
457 411 495 482 τὸ
524 415 628 501 μῆκος
646 415 708 481 τοῦ
735 412 860 503 χρόνου
879 411 961 503 πρὸς
988 421 1152 504 τιμωρίαν

133 535 205 602 τοῖς
236 524 421 590 παθοῦσιν·
459 517 522 589 ὅσα
555 519 592 587 δέ
630 516 732 600 αὐτὸς
768 529 906 589 οίκοθεν
938 520 1153 610 χαριζόμενος
1172 528 1183 573 ’-

134 629 403 717 πλουσιωτέρους
430 624 606 714 ἀπέφηνας
632 625 777 707 πολλοὺς
804 630 872 696 τόν
899 625 1002 695 πάλαι
1031 629 1151 709 δοξάν-

134 761 202 803 των
230 736 284 803 ἐπὶ
310 737 351 823 τῇ
376 736 446 802 τῶν
473 732 650 824 χρημάτων
678 729 819 825 εὐπορίᾳ
846 732 1091 821 σεμνύνεσθαι,
1118 741 1156 804 τί
1165 759 1179 800 ε

95 839 196 931 Οχρὴ
224 843 290 910 νῦν
317 836 613 929 ὑπομιμνήσκοντα
644 841 720 929 περὶ
753 837 854 930 μικρά
882 846 1066 928 διατρίβειν
1095 847 1153 910 δο-
1196 882 1203 932 3

134 963 221 1030 κεϊν;
259 944 366 1029 ἀλλως
397 974 432 1017 τε
468 948 525 1016 καὶ
561 949 664 1015 πάσιν
701 943 799 1027 όντος
835 949 1067 1033 καταφανοῦς,
1101 945 1163 1017 ότι

135 1054 251 1142 μηδεις
281 1053 413 1123 πώποτε
445 1051 533 1140 πλὴν
558 1050 776 1142 Ἀλεξάνδρου
809 1056 869 1122 τοῦ
899 1059 1068 1122 Φιλίππου
1096 1080 1152 1122 το-

135 1163 242 1229 σαῦτα
274 1157 431 1247 βασιλεῦς
463 1174 533 1240 τοῖς
561 1154 667 1227 αὑτοῦ
701 1165 812 1246 φίλοις
841 1161 1008 1246 διανέμων
1038 1156 1203 1248 ὤφθη.

135 1264 217 1335 ἀλλά
245 1281 315 1346 τοϊς
342 1265 403 1353 μὲν
431 1261 449 1333 ό
477 1268 545 1333 τῦν
566 1271 682 1352 φίλων
705 1269 847 1346 πλοῦτος
874 1293 932 1354 της
957 1267 1026 1333 τῶν
1053 1276 1150 1335 πολε·
1164 1275 1202 1330 ια’

134 1380 222 1461 μίων
249 1369 411 1461 ροόμης”
389 1395 537 1453 υποπτος
555 1370 663 1459 έφάνη
683 1375 810 1459 μᾶλλον
831 1374 888 1441 καὶ
908 1371 1152 1463 φοβερώτερος,

134 1477 229 1547 ἀλλοι
257 1476 295 1546 δέ
326 1477 388 1566 τὴν
419 1480 487 1546 νῦν
520 1475 715 1567 ἀρχομένων
746 1476 920 1565 εὐγένειαν
951 1474 1151 1567 ῦπιδόμενοι

133 1584 243 1653 πάντα
269 1584 396 1675 τρόπον
422 1583 502 1665 τοῦς
531 1576 569 1653 εῦ
597 1584 776 1672 γεγονότας
802 1589 1102 1675 προπηλακίζοντες
1129 1582 1150 1673 ἢ

90 1692 190 1762 Βκαὶ
222 1687 440 1782 ἀναιροῦντες
477 1688 586 1780 ἀρδην
619 1689 677 1772 τὰς
714 1697 820 1772 οίκίας
856 1694 953 1780 κοινῇ
985 1690 1047 1779 μέν
1078 1707 1151 1776 ταῖς

133 1796 249 1866 πόλεσι
286 1800 489 1886 σνμφορῦν,
526 1803 597 1888 ίδίηι
621 1797 667 1866 ,δέ
705 1794 818 1879 αὐτοῖς
854 1794 1003 1866 ἀνοσίων
1041 1803 1151 1887 ἔργων
1160 1806 1199 1863 ἰε’

134 1902 323 1975 αι’τιιότατοι
350 1905 564 1992 κατέστησαν.
602 1900 665 1973 οῦκ
693 1900 876 1993 ἀπέσχοντο
905 1903 942 1973 δέ
971 1901 1034 1992 ἤδη
1063 1903 1152 1985 τινές

133 2025 203 2093 τοῖς
229 2015 290 2082 τοῦ
323 2010 473 2100 σωματος
501 2008 660 2098 ἀγαθοῖς,
692 2007 804 2102 ὑγιεία
837 2012 923 2098 φημὶ
951 2012 1006 2078 καὶ
1039 2008 1152 2080 κάλλει

132 2119 188 2186 καὶ
221 2116 342 2209 εὐεξία,
374 2123 626 2205 βασκαίνοντες·
659 2120 768 2206 ψυχῆς
799 2141 834 2186 τε
867 2113 990 2206 ἀρετὴν
1018 2122 1055 2184 ἔν
1083 2143 1150 2185 τινι

132 2226 200 2291 νῦν
227 2227 373 2292 πολιτῶν
401 2223 586 2310 γενομένην
609 2221 689 2293 οῦδέ
708 2221 845 2293 ἀκούειν
872 2219 1051 2310 ὑπέμενον,
1079 2220 1148 2291 ἀλλ’

132 2319 177 2414 ἦν
203 2325 351 2416 ἀδίκημα
377 2331 492 2416 τοῦτο,
524 2328 677 2420 καθάπερ
710 2327 922 2420 ἀνδροφονία
954 2330 1010 2398 καὶ
1043 2326 1189 2417 κλοπηεο

132 2435 188 2502 καὶ
216 2439 394 2524 προδοσία,
421 2432 601 2505 τὸδοκείν
630 2434 747 2526 ἀρετῆς
775 2438 1051 2525 μεταποιηθηναι.
1089 2437 1151 2504 καὶ

79 2562 115 2611 44
132 2543 237 2610 ταῦτα
264 2538 369 2630 τυχὸν
402 2537 538 2629 ἀληθοῦς
565 2540 607 2611 οῦ
635 2544 801 2630 βασιλέων
829 2541 929 2630 φήσει
957 2566 1016 2626 τις,
1044 2566 1150 2629 πονη-

132 2649 203 2736 ρῦν
231 2647 269 2716 δὲ
287 2649 343 2715 καὶ
361 2644 594 2738 ἀνελευθέρων
617 2648 795 2739 τνράννων
824 2655 905 2738 έργα
923 2648 976 2717 καὶ
1007 2647 1150 2737 πράξεις.

133 2755 241 2823 έκεῖνο
274 2753 311 2822 δέ
343 2752 412 2849 ἤδη
440 2752 477 2824 τὸ
515 2753 625 2836 πάθος
658 2752 699 2823 οῦ
735 2758 803 2822 τόν
840 2751 994 2841 ἀνοήτων
1026 2754 1149 2841 μόνον,

133 2856 216 2929 ἀλλά
241 2887 346 2930 τινων
379 2863 533 2930 ἐπιεικῶν
565 2862 621 2930 καὶ
648 2860 766 2951 πρᾴων
799 2857 935 2950 ἀνδρῶν
963 2855 1149 2946 ἀγόμενον,
1163 2883 1187 2924 ιε

131 2964 169 3035 τὸ
188 2981 258 3049 τοῖς
278 2972 389 3054 φίλοις
416 2964 583 3055 ἀχθεσθαι
611 2968 712 3036 πλέον
730 2969 785 3035 καὶ
804 2967 962 3046 πολλάκις
990 2969 1151 3035 ἐλαττοῦν

132 3073 261 3143 ἐθέλειν
293 3075 350 3143 καὶ
373 3076 450 3141 τόν
482 3073 722 3163 προσηκόντων
759 3070 883 3154 αὐτοῦς
919 3069 1151 3162 ἀφαιρεῖσθαι,

200 3218 327 3287 3αότδς
345 3223 459 3309 Rolnj
450 3216 558 3285 αὐτοῖς.
585 3227 620 3280 cf.
638 3227 703 3277 4413
771 3218 936 3284 4πολλοῦς
960 3225 1022 3275 add.
1041 3227 1066 3276 V
1137 3227 1152 3275 7
1192 3260 1196 3268 -

132 3283 224 3352 αλλως
243 3311 273 3345 τε
291 3292 330 3375 V]
355 3285 408 3345 ἀλλ
445 3287 521 3359 ὅμως
543 3309 574 3345 τε
643 3285 772 3346 θαάτοῦ
794 3294 853 3344 VM
925 3295 954 3342 12
977 3284 1087 3357 ῦπιδόμ
1091 3307 1167 3347 ενοι.

130 3354 399 3476 Ηχῦπειδόμενοι
431 3362 467 3413 εί.
492 3362 527 3411 ad
551 3364 635 3413 1161)
706 3364 739 3412 15
761 3351 862 3420 αῦτοῖς
881 3361 937 3410 VM
1008 3363 1039 3411 17
1064 3309 1152 3442 δγεία

131 3428 155 3474 V
260 3430 292 3480 18
311 3422 475 3508 εὖδοξίαί
497 3428 503 3497 1
529 3445 560 3481 τε
578 3446 630 3480 om
649 3432 674 3482 V
742 3432 774 3479 22
798 3423 940 3496 βασιλέων
957 3425 991 3494 V]
1009 3422 1152 3494 βασιλέως

129 3495 165 3544 23
182 3491 253 3560 ἔργα
270 3489 420 3561 τυράννων
439 3496 464 3545 V
525 3499 559 3547 26
576 3491 678 3563 πλέον]
698 3497 767 3548 Post
784 3496 837 3548 hoo
855 3495 969 3547 Reiskio
988 3491 1086 3562 έχουσι
1105 3494 1150 3546 vel

117 3557 299 3624 τιμωμένοις
318 3563 365 3616 vel
382 3563 476 3616 simile
496 3563 563 3632 quid
579 3565 689 3617 videtur
707 3565 805 3615 deesse
