2446 3870
155 165 216 230 154
413 183 415 187 ⁷
455 164 599 223 mmm
619 164 866 217 IMPERATORIS

152 293 260 363 πάντα
286 293 487 381 θανμάζειν;
516 289 588 361 ἀλλά
618 289 660 361 οά
688 292 788 380 φήσει
814 319 863 374 τις
885 288 989 380 τνγὸν
1017 287 1171 381 ὑπομνη·

153 402 248 481 σθεὶς
275 402 343 468 τῶν
376 404 567 489 ἔμπροσθεν
598 401 702 466 ταῦτα
735 400 864 468 ἐθέλειν
891 394 978 486 ἡμᾶς
1006 399 1038 480 ἐξ
1067 396 1171 488 ἀρχῆς

153 512 312 593 διελθεῖν,
340 504 493 594 καθάπερ
521 504 559 573 δὲ
586 502 666 586 τοὺς
683 507 987 595 Κορνβαντιῶντας
1014 499 1080 572 ὑπὸ
1099 508 1177 573 τῶν

152 609 267 681 αὐλῶν
304 613 576 700 ἐπεγειρομένονς
616 610 768 701 χορεύειν
805 612 860 679 καὶ
897 613 1009 698 πηδᾶν
1050 606 1172 680 οὐδενὶ

97 717 219 800 ιλοξὺν
245 718 346 810 λόγῳ,
374 718 429 786 καὶ
457 713 542 806 ἡμᾶς
569 713 635 785 ὑπὸ
664 720 722 804 τῆς
749 717 879 805 μνήμης
905 718 973 784 τῶν
1000 719 1201 786 παιδικῶνε

152 821 419 912 ἀνακινηθέντας
446 815 525 915 ᾆσαι
552 826 610 911 τῆς
638 823 747 913 χῶρος
773 824 829 891 καὶ
852 825 920 890 τῶν
948 819 1085 911 ἀνδρῶν
1113 825 1183 908 ἐγ(

151 930 286 1019 κῶμιον.
335 928 419 1020 πρὸς
451 928 493 1017 δὴ
525 933 647 999 τοῦτον
683 924 925 1016 ἀπολογεῖσθαι
960 925 1068 1019 χρεῶν
1101 920 1174 998 ῶδέ

151 1061 221 1117 πως
253 1032 405 1123 λέγοντα·
439 1028 465 1104 ῶ
499 1036 651 1125 δαιμόνιε
687 1036 742 1103 καὶ
774 1037 890 1122 τέχνης
922 1030 1059 1122 ἀληθῶς
1091 1061 1171 1119 γεν-

151 1147 249 1223 ναίας
275 1139 419 1230 ἡγεμῶν,
447 1139 558 1229 σοφὸν
576 1141 637 1229 μὲν
664 1143 774 1230 χρῆμα
793 1143 946 1227 ἐπινοεῖς,
975 1137 1038 1210 οὐκ
1061 1142 1172 1226 ἐφιεὶς

153 1245 234 1316 οὐδὲ
262 1250 444 1336 ἐπιτρέπων
471 1250 539 1315 τῶν
567 1247 819 1334 ἐπαινουμένων
838 1243 919 1316 οὐδὲ
943 1247 995 1315 ἐπὶ
1024 1244 1170 1334 σμικρὸν
1188 1270 1216 1310 ιο

152 1359 346 1439 μεθίεσθαι,
379 1350 434 1420 ἀτε
462 1349 563 1432 αὐτὸς
592 1350 685 1439 οἶμαι
717 1346 779 1433 ξδν
810 1350 908 1442 τέχνῃ
936 1354 1035 1422 τοῦτο
1065 1355 1170 1441 δρῶν.

151 1453 233 1545 ἡμῖν
260 1457 298 1525 δὲ
324 1455 384 1526 τὸν
412 1463 517 1547 έρωτα
544 1461 682 1545 τοῦτον,
711 1453 752 1528 ὃν
780 1455 823 1527 σὺ
852 1457 918 1547 φὴς
945 1467 1054 1527 αίτιον
1083 1456 1173 1529 εἶναι

109 1566 210 1651 Βτῆς
238 1565 274 1631 ἐν
301 1578 371 1644 τοῖς
398 1563 511 1650 λόγοις
538 1561 683 1650 ἀταξίας,
711 1563 823 1652 ἐπειδὴ
851 1566 1090 1656 προσγέγονεν,
1120 1563 1172 1634 ολ-

153 1696 212 1756 μαι
239 1669 524 1758 παρακελεύεσθαι
551 1669 595 1759 μὴ
614 1670 749 1759 σφόδρα
768 1667 881 1752 ὀκνεῖν
904 1669 989 1758 μηδὲ
1017 1667 1170 1758 εὐλαβεῖ-

134 1786 236 1844 σθαι
262 1772 321 1856 τάς
349 1781 463 1857 αίτίας.
510 1773 551 1846 οὐ
579 1775 643 1866 γὰρ
662 1773 846 1866 ἀλλοτρίων
869 1772 1028 1865 ἡψάμεθα
1056 1776 1172 1862 λόγων
1187 1798 1214 1839 15

153 1883 258 1963 δεῖξαι
290 1884 478 1969 ἐθέλοντες,
511 1880 602 1952 ὅσων
633 1879 715 1971 ἡμῖν
753 1880 895 1969 ἀγαθῶν
927 1887 1018 1951 αίτία
1049 1883 1172 1968 γέγονε

151 1991 280 2076 τιμῶσα
310 1986 348 2059 τὸ
381 1995 585 2077 φιλοσοφίας
621 1985 738 2076 όνομα.
787 1991 887 2058 τοῦτο
925 1987 963 2057 δέ
995 1985 1058 2057 οὐκ
1091 1987 1172 2057 οἶδα

152 2091 269 2164 όντινά
302 2123 358 2183 μοι
390 2096 516 2186 τρόπον
552 2098 760 2183 ἐπικείμενον
792 2092 1001 2183 ἀγαπήσαντι
1034 2094 1096 2182 μὲν
1130 2087 1170 2163 εὖ

152 2201 239 2286 μάλα
266 2200 303 2269 τὸ
333 2207 434 2290 έργον
461 2203 517 2270 καί
536 2203 712 2291 ἐρασθέντι
740 2203 859 2282 δεινῶς
881 2203 943 2271 τοῦ
966 2201 1171 2290 πράγματος,

153 2301 392 2392 ἀπολειφθέντι
433 2306 470 2374 δὲ
512 2304 574 2376 οὐκ
615 2306 693 2377 οἶδα
734 2305 850 2375 όντινα
894 2305 1020 2396 τρόπον
1062 2305 1171 2395 ὄνομα
1185 2325 1212 2367 2⁰

112 2408 313 2497 θέτύγγανε
338 2403 452 2498 ἷμόνον
478 2414 534 2481 καὶ
566 2413 665 2500 λόγος
693 2419 795 2502 ἔργον
828 2413 1034 2503 στερόμενος.
1080 2409 1101 2501 ἡ
1132 2411 1171 2481 δὲ

153 2518 248 2604 έτίμοι
274 2517 330 2585 καί
357 2514 521 2605 τοῦνομα·
553 2525 666 2588 ἀίτίαν
693 2517 757 2608 γάρ
790 2517 833 2606 δὴ
867 2517 973 2607 ἀλλην
1001 2516 1080 2588 οὔτε
1108 2516 1171 2587 αὐ-

152 2619 208 2702 τὸς
236 2617 379 2712 εὑρίσκω
409 2621 486 2693 οὔτε
513 2621 617 2695 ἀλλον
645 2652 706 2694 τον
733 2626 907 2694 πυθέσθαι
935 2624 1094 2712 δύναμαι,
1124 2621 1167 2694 δι’

32 2744 36 2750 “
152 2723 195 2816 ἣν
224 2725 312 2796 οὕτω
345 2756 402 2816 μοι
428 2731 605 2819 πρόθυμος
633 2733 749 2820 γέγονε
777 2726 989 2818 βοηθόςκαὶ
1018 2728 1169 2812 ἀλεξίκα-

97 2916 99 2920 ⁴
152 2861 211 2916 κος
237 2836 294 2903 καλ
322 2835 472 2925 σῶτειρα,
499 2835 561 2924 τὴν
579 2840 641 2906 τοῦ
659 2842 820 2924 γενναίου
839 2839 1000 2924 βασιλέως
1027 2834 1207 2906 εὕνοιαν15

152 2937 312 3026 ἀκέραιον
349 2936 430 3029 ἡμῖν
462 2944 518 3010 καὶ
546 2939 646 3030 ἀσινῆ
679 2943 790 3031 μένειν
828 2941 889 3024 ξὺν
925 2946 1038 3036 πολλῶ
1071 2943 1166 3036 πόνῳ

241 3186 405 3260 Ξέθέλειν]
429 3193 523 3274 καλῶς
546 3187 623 3259 ἔχειν
641 3193 721 3254 Rsk
745 3209 777 3245 εν
802 3168 925 3259 ἔχεινΗ
993 3195 1091 3246 3ε14
1115 3194 1172 3245 τῶν

154 3251 249 3311 ἄλλων
268 3261 291 3310 V
377 3265 392 3312 5
411 3277 487 3312 οντω
506 3265 571 3312 ante
589 3256 676 3311 καλ
659 3260 737 3326 ημᾶς
755 3277 810 3311 non
829 3268 872 3312 est
888 3261 1094 3325 adjiciendum
1114 3263 1169 3313 vid.

153 3329 237 3379 2473
264 3332 291 3376 et
317 3328 412 3410 Epist.
431 3330 464 3380 58
488 3345 513 3394 p.
539 3331 586 3378 111
589 3329 687 3408 Heyl.
776 3331 807 3380 10
833 3321 885 3382 τόν
896 3299 1125 3411 ἐπαινούμενον
1147 3330 1171 3382 V

155 3397 186 3445 11
211 3383 298 3454 οιιίτός
316 3393 351 3460 V]
375 3389 483 3475 αὐτοῖς
496 3399 536 3460 Μ,
560 3387 632 3447 αὐτὸ
654 3414 672 3447 v
742 3398 773 3447 13
796 3391 988 3480 προσγέγονεν
1011 3392 1052 3463 Μ]
1077 3395 1190 3468 πρᾷος

151 3456 274 3526 γέγονεν
359 3465 391 3513 15
418 3433 575 3544 ἡψάμεθα]
599 3456 797 3546 ἡττῶμεθαν
884 3467 916 3515 16
943 3460 1118 3544 γέγονεῊ.
1125 3460 1172 3529 γέ·

144 3542 239 3589 γονεν
307 3530 340 3579 18
356 3524 412 3596 μεν
418 3480 511 3624 ΓΟρθ]
532 3526 566 3582 δὲ
636 3535 668 3583 23
687 3525 778 3582 ἀλλοό
794 3546 846 3582 τον
864 3531 937 3598 VM]
956 3523 1046 3584 ἄλλον
1065 3530 1118 3584 τοῦ
