2416 3864
225 157 405 211 EPISTOLA
422 159 472 210 AD
491 157 521 210 S.
539 160 569 209 P.
588 159 619 221 Q.
638 157 911 210 ATHENIENSEM.
1023 154 1084 219 357

66 286 104 357 τὸ
129 286 200 374 μέν
232 284 340 373 όυομά
371 311 429 369 μοι
461 286 585 373 ταχέως
615 285 671 353 καὶ
703 282 740 352 τὸ
773 287 947 371 χλανίδιον
979 310 1084 369 περιε-

67 394 180 482 βλήθη
213 395 275 461 τοῦ
307 397 479 480 καίσαρος·
512 386 533 478 ἡ
562 390 599 459 δέ
632 391 685 459 ἐπὶ
718 389 827 481 τούτῳ
845 393 997 462 ,δουλεία
1029 390 1085 457 καὶ

67 497 106 569 τό
144 495 235 567 καθ’·
264 497 406 585 ἑκάστην
447 492 575 585 ἡμέραν
616 491 700 585 ὑπέρ
739 492 842 583 αὐτῆς
878 497 936 582 τῆς
977 498 1086 582 ψυχῆς

69 603 332 694 ἐπικρεμάμενον
351 600 426 684 δέος
450 598 621 692 Ἡράκλεις
648 600 732 671 ὅσον
754 602 809 670 καλ
829 595 917 670 οἷον·
945 609 1083 689 κλεῖθρα
1102 616 1125 669 Β

41 713 199 801 5θυρῶν,
225 714 389 798 θυρωροί,
417 711 485 777 τῶν
503 708 642 778 οίκετῶυ
661 713 698 776 αί
722 722 827 797 χεῖρες
850 706 1085 796 ἐρευνῶμευαι,

67 817 113 906 μή
145 823 196 896 τίς
227 842 284 904 μοι
315 814 406 904 παρὰ
438 817 506 883 τῶν
539 820 649 903 φίλων
682 818 926 902 γραμματίδιον
958 819 1084 901 κομίζῃ,

68 928 234 1012 θεραπεία
274 923 369 1008 ξένη·
411 921 506 1009 μόλις
545 918 726 1008 ἠδυνήθην
767 920 895 1000 οίκέτας
938 921 1086 1008 ἐμαυτοῦ

68 1031 240 1117 τέτταρας,
273 1026 434 1115 παιδάρια
465 1025 527 1114 μέν
559 1025 625 1095 δόο
658 1029 783 1114 κομιδῇ
806 1025 921 1114 μικρά,
955 1025 1018 1094 δύο
1049 1025 1086 1092 δέ

69 1141 233 1222 μείζονας,
260 1139 307 1214 είς
333 1130 396 1221 τὴν
424 1129 532 1220 αὐλὴν
559 1131 762 1222 οἰκειότερόν
788 1159 828 1219 με
854 1131 1083 1222 θεραπεύσον-

29 1256 56 1299 10
69 1268 129 1320 τας
157 1244 359 1326 εἰσαγαγεῖν,
387 1229 436 1306 ῶν
463 1232 510 1320 εἷς
537 1265 594 1326 μοι
612 1238 716 1327 μόνος
742 1240 798 1308 καὶ
816 1235 857 1307 τά
875 1237 958 1329 πρὸς
979 1234 1085 1318 θεοὺς
1148 1268 1150 1273 ’

70 1344 235 1426 συνειδῶς
261 1347 316 1414 καὶ
345 1341 389 1426 ῶς
416 1346 583 1432 ἐνεδέχετο
611 1345 722 1437 λάθρᾳ
750 1344 984 1433 συμπράττων·
1012 1345 1083 1413 ἐπε·
1151 1332 1161 1358 “

69 1459 226 1520 πίστευτο
255 1450 292 1520 δὲ
310 1453 378 1519 τῶν
396 1456 538 1538 βιβλίων
556 1478 622 1538 μου
640 1449 703 1539 τὴν
721 1450 886 1538 φυλακήν,
915 1446 964 1519 ῶν
981 1450 1084 1539 μόνος
1102 1462 1122 1518 O

25 1606 27 1610 »
69 1561 139 1627 τῶν
171 1558 243 1645 ἐμοὶ
277 1559 410 1626 πολλῶν
448 1559 589 1645 ἑταίρων
625 1559 680 1625 καὶ
718 1563 828 1645 φίλων
864 1560 1008 1643 πιστῶν,
1041 1551 1088 1636 εἷς

72 1663 200 1752 ίατρός,
233 1659 270 1744 ὃς
301 1668 372 1749 καί,
406 1660 456 1731 ότι
489 1667 587 1751 φίλος
620 1657 669 1731 ῶν
701 1662 865 1749 ἐλελίθει,
899 1663 1087 1748 συναπεδή·

30 1781 57 1822 1⁵
72 1789 187 1858 μησεν.
233 1766 321 1838 οίτω
355 1768 392 1838 δέ
419 1771 562 1838 ἐδεδίειν
593 1766 658 1855 ἐγῶ
690 1771 794 1836 ταῦτα
825 1770 881 1837 καὶ
910 1769 1088 1857 ψοφοδεῶς

72 1873 165 1964 εἶχον
192 1873 276 1964 πρὸς
303 1871 400 1960 αὐτά,
428 1871 511 1943 ῶστε
533 1875 589 1943 καὶ
608 1875 836 1962 βουλομένους
864 1875 1002 1943 εἰσιέναι
1019 1877 1088 1942 τῶν

73 1988 184 2070 φίλων
216 1979 362 2063 πολλοὺς
393 1977 472 2070 παρ’
507 1980 563 2068 ἐμὲ
599 1982 655 2050 καὶ
687 1978 763 2068 μάλ’
799 1978 890 2049 άκων
926 1979 1087 2064 έκῶλυον,

73 2092 160 2156 ἰδεῖν
192 2087 254 2174 μὲν
286 2084 410 2168 αὐτοὺς
444 2089 635 2175 ἐπιθυμῶν,
669 2084 780 2156 ὀκνῶν
813 2088 850 2156 δὲ
865 2174 867 2177 Ι
882 2087 1022 2166 ἐκείνοις
1053 2112 1088 2153 τε

71 2195 134 2262 καῖ’
157 2196 289 2284 ἐμαυτῷ
315 2195 474 2280 γενέσθαι
502 2196 689 2283 συμφορῶν
717 2202 830 2274 αἴτιος.
871 2189 954 2262 άλλδι
980 2194 1085 2260 ταῦτα
1114 2270 1116 2274 ρ

30 2311 58 2350 ²⁰
72 2299 135 2388 μέν
162 2301 290 2380 ἔξωθέν
317 2302 401 2385 ἐστι,
428 2298 575 2389 τά(δε)δέ
603 2303 640 2369 ἐν
668 2296 783 2381 αὐτοῖς
809 2313 880 2382 τοῖς
907 2299 1128 2389 πράγμασιῖ)

71 2411 287 2495 τριακοσίους
319 2404 476 2494 ἑξήκοντά
512 2433 568 2493 μοι
607 2405 689 2488 δοὺς
725 2406 928 2498 στρατιώτας
965 2411 1013 2488 είς
1048 2402 1086 2474 τό

71 2515 141 2580 τῶν
159 2515 295 2593 Κελτῶν
314 2518 415 2592 ἔθνος
433 2508 722 2601 ἀνατετραμμένον
746 2520 878 2600 ἐστειλε,
906 2516 1089 2602 μεσοῦντος

72 2615 139 2706 ἤδη
167 2620 229 2686 τοῦ
255 2620 430 2705 χειμῶνος,
463 2615 525 2686 οὐκ
552 2617 697 2709 ἄρχοντα
730 2623 857 2707 μᾶλλον
888 2623 956 2688 τῶν
984 2621 1089 2688 ἐκεῖσε

73 2724 309 2813 στρατοπέδων
335 2719 356 2811 ἢ
383 2738 454 2804 τοῖς
481 2726 586 2793 ἐκεῖσε
617 2739 814 2814 στρατηγοῖς
840 2722 1087 2795 ὑπακούσοντα.

33 2839 59 2880 ²⁵
73 2832 255 2919 ἐγέγραπτο
283 2828 348 2920 γὰρ
381 2827 495 2911 αὐτοῖς
526 2832 582 2900 καὶ
611 2832 798 2900 ἐνετέταλτο
831 2831 1018 2922 διαρρήδην
1046 2826 1088 2898 οὐ

72 2935 152 3017 τοὺς
178 2944 358 3024 πολεμίους
385 2940 511 3025 μᾶλλον
538 2933 558 3025 ἢ
586 2936 642 3024 ἐμὲ
669 2937 952 3026 παραφυλάττειν,
982 2932 1026 3017 ῶς
1044 2931 1087 3003 ῶν

72 3042 116 3131 μὴ
145 3042 310 3134 νεώτερόν
337 3071 369 3111 τι
395 3043 561 3132 πράξαιμι.
606 3042 737 3112 τοάτων
765 3043 802 3112 δὲ
830 3039 871 3112 ὃν
898 3049 986 3131 ἔφην
1012 3040 1087 3132 τρό-

71 3176 138 3221 κον
170 3151 377 3238 γενομένων,
409 3151 483 3238 περὶ
514 3147 573 3232 τάς
604 3148 729 3239 τροπάς
759 3148 817 3231 τὰς
848 3147 992 3237 θερινὰς
1013 3151 1141 3217 ἐπι-278

160 3327 189 3375 11
217 3316 256 3383 ῶς
275 3317 305 3377 ἐν
325 3319 466 3389 δέχετοῖ
498 3322 503 3390 l
535 3315 721 3375 ἐπεπίστευτο
745 3319 786 3443 HH
808 3318 985 3372 ’πεπίστευτο
1056 3324 1088 3372 13

26 3414 28 3417 ’
72 3385 174 3451 πιστὸς
191 3393 254 3446 Pet.
335 3394 367 3443 17
384 3383 454 3457 μάλ’
474 3382 552 3444 ι’ίκων
570 3388 648 3457 Oob.]
669 3386 747 3456 μάλα
778 3382 838 3440 κῶν
911 3390 945 3440 20
962 3379 1033 3438 τάδε
1053 3382 1087 3438 δὲ

73 3455 168 3527 Η]τά
189 3454 222 3512 δὲ
293 3462 326 3510 24
344 3450 530 3512 όπακοόοντα
547 3459 575 3509 Η
609 3506 616 3526 ,
654 3460 687 3510 25
709 3450 866 3526 ἐγέγραπτο
883 3453 925 3523 Η]
943 3450 1087 3522 γέγραπτο

73 3531 106 3581 28
128 3523 262 3595 θερινάς]
289 3519 453 3594 χειμερινάς
476 3527 536 3578 Pet.
572 3523 694 3590 θερινάς
716 3531 808 3577 tuetur
825 3524 955 3577 Valesius
973 3524 1008 3574 ad
1025 3523 1087 3574 Am-
