<?xml version="1.0" encoding="UTF-8"?>
<!DOCTYPE html PUBLIC "-//W3C//DTD XHTML 1.0 Transitional//EN"
    "http://www.w3.org/TR/xhtml1/DTD/xhtml1-transitional.dtd">
<html xmlns="http://www.w3.org/1999/xhtml" xml:lang="en" lang="en">
 <head>
  <title>
</title>
<meta http-equiv="Content-Type" content="text/html;charset=utf-8" />
  <meta name='ocr-system' content='tesseract 3.04.00' />
  <meta name='ocr-capabilities' content='ocr_page ocr_carea ocr_par ocr_line ocrx_word'/>
</head>
<body>
  <div class='ocr_page' id='page_1' title='image "./iulianiimperato01juligoog_0137.png"; bbox 0 0 2446 3870; ppageno 0'>
   <div class='ocr_carea' id='block_1_1' title="bbox 152 148 865 214">
    <p class='ocr_par' dir='ltr' id='par_1_1' title="bbox 152 148 865 214">
     <span class='ocr_line' id='line_1_1' title="bbox 152 148 865 214; baseline -0.021 0"><span class='ocrx_word' id='word_1_1' title='bbox 152 150 214 214; x_wconf 83' lang='grc'><strong><em>124</em></strong></span> <span class='ocrx_word' id='word_1_2' title='bbox 453 152 596 202; x_wconf 78' lang='lat' dir='ltr'>IULIANI</span> <span class='ocrx_word' id='word_1_3' title='bbox 617 148 865 200; x_wconf 77' lang='lat' dir='ltr'><strong>IMPERATORIS</strong></span> 
     </span>
    </p>
   </div>
   <div class='ocr_carea' id='block_1_2' title="bbox 54 272 1219 3019">
    <p class='ocr_par' dir='ltr' id='par_1_2' title="bbox 150 272 1167 369">
     <span class='ocr_line' id='line_1_2' title="bbox 150 272 1167 369; baseline -0.006 -22"><span class='ocrx_word' id='word_1_4' title='bbox 150 281 287 348; x_wconf 82' lang='grc' dir='ltr'><strong><em>τοιαῦτα</em></strong></span> <span class='ocrx_word' id='word_1_5' title='bbox 320 279 449 367; x_wconf 79' lang='grc' dir='ltr'><strong><em>ῥήματα</em></strong></span> <span class='ocrx_word' id='word_1_6' title='bbox 486 280 622 366; x_wconf 81' lang='grc' dir='ltr'><strong><em>μισοῦσι</em></strong></span> <span class='ocrx_word' id='word_1_7' title='bbox 655 279 781 365; x_wconf 86' lang='grc' dir='ltr'><strong><em>μάλλον</em></strong></span> <span class='ocrx_word' id='word_1_8' title='bbox 812 272 833 364; x_wconf 75' lang='grc' dir='ltr'><em>ἢ</em></span> <span class='ocrx_word' id='word_1_9' title='bbox 865 273 944 369; x_wconf 81' lang='grc' dir='ltr'><strong><em>τοὺς</em></strong></span> <span class='ocrx_word' id='word_1_10' title='bbox 982 273 1167 359; x_wconf 79' lang='grc' dir='ltr'><strong><em>ἐπάγοντας</em></strong></span> 
     </span>
    </p>

    <p class='ocr_par' dir='ltr' id='par_1_3' title="bbox 105 379 1194 1216">
     <span class='ocr_line' id='line_1_3' title="bbox 105 379 1167 472; baseline -0.008 -14"><span class='ocrx_word' id='word_1_11' title='bbox 105 406 130 458; x_wconf 92' lang='lat' dir='ltr'>D</span> <span class='ocrx_word' id='word_1_12' title='bbox 151 383 210 454; x_wconf 89' lang='grc' dir='ltr'><strong><em>τὸν</em></strong></span> <span class='ocrx_word' id='word_1_13' title='bbox 243 389 384 472; x_wconf 90' lang='grc' dir='ltr'><strong><em>σίδηρον</em></strong></span> <span class='ocrx_word' id='word_1_14' title='bbox 415 386 471 453; x_wconf 83' lang='grc' dir='ltr'><strong><em>καὶ</em></strong></span> <span class='ocrx_word' id='word_1_15' title='bbox 504 383 785 472; x_wconf 78' lang='grc' dir='ltr'><strong><em>ἐπιβουλεύοντας</em></strong></span> <span class='ocrx_word' id='word_1_16' title='bbox 817 381 942 470; x_wconf 91' lang='grc' dir='ltr'><strong><em>φόνον,</em></strong></span> <span class='ocrx_word' id='word_1_17' title='bbox 961 402 962 405; x_wconf 73' lang='grc'>’</span> <span class='ocrx_word' id='word_1_18' title='bbox 979 379 1167 468; x_wconf 76' lang='grc' dir='ltr'><strong><em>διαφόρους</em></strong></span> 
     </span>
     <span class='ocr_line' id='line_1_4' title="bbox 151 485 1167 578; baseline -0.002 -19"><span class='ocrx_word' id='word_1_19' title='bbox 151 517 186 559; x_wconf 91' lang='grc' dir='ltr'><strong><em>τε</em></strong></span> <span class='ocrx_word' id='word_1_20' title='bbox 213 486 327 571; x_wconf 78' lang='grc' dir='ltr'><strong><em>αὑτοῖς</em></strong></span> <span class='ocrx_word' id='word_1_21' title='bbox 354 485 633 578; x_wconf 78' lang='grc' dir='ltr'><strong><em>ὑπολαμβάνουσι</em></strong></span> <span class='ocrx_word' id='word_1_22' title='bbox 661 489 762 578; x_wconf 83' lang='grc' dir='ltr'><strong><em>φύσει</em></strong></span> <span class='ocrx_word' id='word_1_23' title='bbox 789 489 845 556; x_wconf 83' lang='grc' dir='ltr'><strong><em>καὶ</em></strong></span> <span class='ocrx_word' id='word_1_24' title='bbox 867 485 911 556; x_wconf 83' lang='grc' dir='ltr'><strong><em>ὀό</em></strong></span> <span class='ocrx_word' id='word_1_25' title='bbox 938 486 1042 578; x_wconf 78' lang='grc' dir='ltr'><strong><em>νόμω,</em></strong></span> <span class='ocrx_word' id='word_1_26' title='bbox 1071 495 1105 554; x_wconf 86' lang='grc' dir='ltr'><strong><em>εί</em></strong></span> <span class='ocrx_word' id='word_1_27' title='bbox 1129 514 1167 574; x_wconf 89' lang='grc' dir='ltr'><strong><em>γε</em></strong></span> 
     </span>
     <span class='ocr_line' id='line_1_5' title="bbox 152 589 1167 684; baseline -0.003 -18"><span class='ocrx_word' id='word_1_28' title='bbox 152 601 187 666; x_wconf 74' lang='lat' dir='ltr'><strong><em>oc</em></strong></span> <span class='ocrx_word' id='word_1_29' title='bbox 212 596 273 684; x_wconf 77' lang='grc' dir='ltr'><strong><em>μέν</em></strong></span> <span class='ocrx_word' id='word_1_30' title='bbox 302 599 442 666; x_wconf 80' lang='grc' dir='ltr'><strong><em>ἐπαίνου</em></strong></span> <span class='ocrx_word' id='word_1_31' title='bbox 470 599 523 665; x_wconf 83' lang='grc' dir='ltr'><strong><em>καλ</em></strong></span> <span class='ocrx_word' id='word_1_32' title='bbox 553 599 648 684; x_wconf 79' lang='grc' dir='ltr'><strong><em>τιμῆς</em></strong></span> <span class='ocrx_word' id='word_1_33' title='bbox 676 598 813 683; x_wconf 73' lang='grc' dir='ltr'><strong><em>ἐρῶσιν,</em></strong></span> <span class='ocrx_word' id='word_1_34' title='bbox 842 598 877 662; x_wconf 87' lang='grc' dir='ltr'><strong><em>οί</em></strong></span> <span class='ocrx_word' id='word_1_35' title='bbox 902 593 939 663; x_wconf 68' lang='grc' dir='ltr'><strong><em>δὲ</em></strong></span> <span class='ocrx_word' id='word_1_36' title='bbox 967 589 1009 662; x_wconf 86' lang='grc' dir='ltr'><strong><em>οό</em></strong></span> <span class='ocrx_word' id='word_1_37' title='bbox 1036 592 1167 663; x_wconf 84' lang='grc' dir='ltr'><strong><em>τούτων</em></strong></span> 
     </span>
     <span class='ocr_line' id='line_1_6' title="bbox 152 696 1194 790; baseline -0.002 -19"><span class='ocrx_word' id='word_1_38' title='bbox 152 703 259 790; x_wconf 89' lang='grc' dir='ltr'><strong><em>μόνον</em></strong></span> <span class='ocrx_word' id='word_1_39' title='bbox 286 700 522 790; x_wconf 80' lang='grc' dir='ltr'><strong><em>ἀφαιροῦνται,</em></strong></span> <span class='ocrx_word' id='word_1_40' title='bbox 551 699 634 771; x_wconf 85' lang='grc' dir='ltr'><strong><em>άλλά</em></strong></span> <span class='ocrx_word' id='word_1_41' title='bbox 651 702 708 770; x_wconf 85' lang='grc' dir='ltr'><strong><em>καὶ</em></strong></span> <span class='ocrx_word' id='word_1_42' title='bbox 727 698 777 769; x_wconf 81' lang='grc' dir='ltr'><strong><em>ἐπ’</em></strong></span> <span class='ocrx_word' id='word_1_43' title='bbox 808 696 924 780; x_wconf 79' lang='grc' dir='ltr'><strong><em>αὐτοῖς</em></strong></span> <span class='ocrx_word' id='word_1_44' title='bbox 952 701 1194 787; x_wconf 75' lang='grc' dir='ltr'><strong><em>μηχανωνταιε</em></strong></span> 
     </span>
     <span class='ocr_line' id='line_1_7' title="bbox 152 802 1168 897; baseline -0.002 -20"><span class='ocrx_word' id='word_1_45' title='bbox 152 815 365 897; x_wconf 78' lang='grc' dir='ltr'><strong><em>βλασφημίας</em></strong></span> <span class='ocrx_word' id='word_1_46' title='bbox 390 814 535 890; x_wconf 77' lang='grc' dir='ltr'><strong><em>ψευδεῖς.</em></strong></span> <span class='ocrx_word' id='word_1_47' title='bbox 580 807 703 877; x_wconf 81' lang='grc' dir='ltr'><strong><em>τούτου</em></strong></span> <span class='ocrx_word' id='word_1_48' title='bbox 730 808 786 875; x_wconf 86' lang='grc' dir='ltr'><strong><em>καλ</em></strong></span> <span class='ocrx_word' id='word_1_49' title='bbox 810 802 972 894; x_wconf 77' lang='grc' dir='ltr'><strong><em>Ἡρακλέα</em></strong></span> <span class='ocrx_word' id='word_1_50' title='bbox 1000 806 1084 893; x_wconf 84' lang='grc' dir='ltr'><strong><em>φασὶ</em></strong></span> <span class='ocrx_word' id='word_1_51' title='bbox 1111 808 1168 875; x_wconf 83' lang='grc' dir='ltr'><strong><em>καὶ</em></strong></span> 
     </span>
     <span class='ocr_line' id='line_1_8' title="bbox 152 911 1167 1005; baseline -0.004 -21"><span class='ocrx_word' id='word_1_52' title='bbox 152 913 274 996; x_wconf 87' lang='grc' dir='ltr'><strong><em>άλλους</em></strong></span> <span class='ocrx_word' id='word_1_53' title='bbox 312 917 352 984; x_wconf 87' lang='grc' dir='ltr'><strong><em>δέ</em></strong></span> <span class='ocrx_word' id='word_1_54' title='bbox 385 943 479 997; x_wconf 90' lang='grc' dir='ltr'><strong><em>τινας</em></strong></span> <span class='ocrx_word' id='word_1_55' title='bbox 510 911 696 1005; x_wconf 78' lang='grc' dir='ltr'><strong><em>ἀκράτορας</em></strong></span> <span class='ocrx_word' id='word_1_56' title='bbox 732 916 792 982; x_wconf 84' lang='grc' dir='ltr'><strong><em>τοῦ</em></strong></span> <span class='ocrx_word' id='word_1_57' title='bbox 828 912 963 992; x_wconf 88' lang='grc' dir='ltr'><strong><em>πάθους</em></strong></span> <span class='ocrx_word' id='word_1_58' title='bbox 999 913 1167 998; x_wconf 91' lang='grc' dir='ltr'><strong><em>γενέσθαι.</em></strong></span> 
     </span>
     <span class='ocr_line' id='line_1_9' title="bbox 152 1019 1183 1111; baseline -0.002 -23"><span class='ocrx_word' id='word_1_59' title='bbox 152 1019 217 1107; x_wconf 74' lang='grc' dir='ltr'><strong><em>ἐγώ</em></strong></span> <span class='ocrx_word' id='word_1_60' title='bbox 246 1019 283 1089; x_wconf 70' lang='grc' dir='ltr'><strong><em>δέ</em></strong></span> <span class='ocrx_word' id='word_1_61' title='bbox 315 1019 392 1091; x_wconf 72' lang='grc' dir='ltr'><strong><em>οὔτε</em></strong></span> <span class='ocrx_word' id='word_1_62' title='bbox 424 1023 499 1110; x_wconf 83' lang='grc' dir='ltr'><strong><em>περὶ</em></strong></span> <span class='ocrx_word' id='word_1_63' title='bbox 532 1023 670 1090; x_wconf 78' lang='grc' dir='ltr'><strong><em>ἐκείνων</em></strong></span> <span class='ocrx_word' id='word_1_64' title='bbox 702 1023 747 1111; x_wconf 77' lang='grc' dir='ltr'><strong><em>τῷ</em></strong></span> <span class='ocrx_word' id='word_1_65' title='bbox 781 1019 870 1110; x_wconf 77' lang='grc' dir='ltr'><strong><em>λόγῳ</em></strong></span> <span class='ocrx_word' id='word_1_66' title='bbox 902 1024 1079 1105; x_wconf 90' lang='grc' dir='ltr'><strong><em>πείθομαι,</em></strong></span> <span class='ocrx_word' id='word_1_67' title='bbox 1111 1019 1183 1087; x_wconf 73' lang='grc' dir='ltr'><strong><em>καί</em></strong></span> 
     </span>
     <span class='ocr_line' id='line_1_10' title="bbox 152 1123 1168 1216; baseline -0.004 -20"><span class='ocrx_word' id='word_1_68' title='bbox 152 1129 290 1215; x_wconf 79' lang='grc' dir='ltr'><strong><em>βασιλέα</em></strong></span> <span class='ocrx_word' id='word_1_69' title='bbox 327 1130 487 1216; x_wconf 74' lang='grc' dir='ltr'><strong><em>τεθέαμαι</em></strong></span> <span class='ocrx_word' id='word_1_70' title='bbox 524 1127 657 1214; x_wconf 89' lang='grc' dir='ltr'><strong><em>σφόδρα</em></strong></span> <span class='ocrx_word' id='word_1_71' title='bbox 694 1128 859 1214; x_wconf 73' lang='grc' dir='ltr'><strong><em>ἐγκρατῶς</em></strong></span> <span class='ocrx_word' id='word_1_72' title='bbox 893 1123 956 1212; x_wconf 77' lang='grc' dir='ltr'><strong><em>τὴν</em></strong></span> <span class='ocrx_word' id='word_1_73' title='bbox 993 1128 1168 1212; x_wconf 76' lang='grc' dir='ltr'><strong><em>λοιδορίαν</em></strong></span> 
     </span>
    </p>

    <p class='ocr_par' dir='ltr' id='par_1_4' title="bbox 100 1226 1207 1638">
     <span class='ocr_line' id='line_1_11' title="bbox 100 1226 1207 1323; baseline -0.006 -16"><span class='ocrx_word' id='word_1_74' title='bbox 100 1259 132 1306; x_wconf 76' lang='lat'><strong><em>97</em></strong></span> <span class='ocrx_word' id='word_1_75' title='bbox 152 1233 375 1323; x_wconf 76' lang='grc' dir='ltr'><strong><em>τρεψάμενον,</em></strong></span> <span class='ocrx_word' id='word_1_76' title='bbox 408 1231 482 1302; x_wconf 78' lang='grc' dir='ltr'><strong><em>οίότι</em></strong></span> <span class='ocrx_word' id='word_1_77' title='bbox 510 1231 720 1321; x_wconf 79' lang='grc' dir='ltr'><strong><em>φαυλότερον</em></strong></span> <span class='ocrx_word' id='word_1_78' title='bbox 748 1236 858 1320; x_wconf 81' lang='grc' dir='ltr'><strong><em>ἔργον,</em></strong></span> <span class='ocrx_word' id='word_1_79' title='bbox 878 1226 931 1311; x_wconf 78' lang='grc' dir='ltr'><strong><em>ως</em></strong></span> <span class='ocrx_word' id='word_1_80' title='bbox 959 1227 1024 1317; x_wconf 73' lang='grc' dir='ltr'><strong><em>ἐγὼ</em></strong></span> <span class='ocrx_word' id='word_1_81' title='bbox 1052 1236 1168 1318; x_wconf 92' lang='grc' dir='ltr'><strong><em>κρίνω,</em></strong></span> <span class='ocrx_word' id='word_1_82' title='bbox 1182 1261 1207 1300; x_wconf 85' lang='lat'><strong><em>10</em></strong></span> 
     </span>
     <span class='ocr_line' id='line_1_12' title="bbox 151 1336 1168 1426; baseline 0 -20"><span class='ocrx_word' id='word_1_83' title='bbox 151 1343 213 1407; x_wconf 87' lang='grc' dir='ltr'><strong><em>τοῦ</em></strong></span> <span class='ocrx_word' id='word_1_84' title='bbox 244 1345 369 1426; x_wconf 91' lang='grc' dir='ltr'><strong><em>Τροίαν</em></strong></span> <span class='ocrx_word' id='word_1_85' title='bbox 397 1340 484 1407; x_wconf 79' lang='grc' dir='ltr'><strong><em>ἑλεῖν</em></strong></span> <span class='ocrx_word' id='word_1_86' title='bbox 511 1339 567 1406; x_wconf 81' lang='grc' dir='ltr'><strong><em>καὶ</em></strong></span> <span class='ocrx_word' id='word_1_87' title='bbox 600 1336 757 1424; x_wconf 77' lang='grc' dir='ltr'><strong><em>φάλαγγα</em></strong></span> <span class='ocrx_word' id='word_1_88' title='bbox 785 1343 945 1423; x_wconf 93' lang='grc' dir='ltr'><strong><em>γενναίαν</em></strong></span> <span class='ocrx_word' id='word_1_89' title='bbox 971 1339 1168 1424; x_wconf 83' lang='grc' dir='ltr'><strong><em>τρέψασθαι.</em></strong></span> 
     </span>
     <span class='ocr_line' id='line_1_13' title="bbox 152 1439 1168 1531; baseline 0 -19"><span class='ocrx_word' id='word_1_90' title='bbox 152 1449 183 1512; x_wconf 86' lang='grc' dir='ltr'><strong><em>εί</em></strong></span> <span class='ocrx_word' id='word_1_91' title='bbox 213 1443 251 1512; x_wconf 74' lang='grc' dir='ltr'><strong><em>δὲ</em></strong></span> <span class='ocrx_word' id='word_1_92' title='bbox 288 1440 421 1512; x_wconf 82' lang='grc' dir='ltr'><strong><em>άπιστεί</em></strong></span> <span class='ocrx_word' id='word_1_93' title='bbox 454 1457 504 1524; x_wconf 88' lang='grc' dir='ltr'><strong><em>τις</em></strong></span> <span class='ocrx_word' id='word_1_94' title='bbox 539 1444 595 1512; x_wconf 83' lang='grc' dir='ltr'><strong><em>καὶ</em></strong></span> <span class='ocrx_word' id='word_1_95' title='bbox 628 1439 669 1512; x_wconf 81' lang='grc' dir='ltr'><strong><em>οὐ</em></strong></span> <span class='ocrx_word' id='word_1_96' title='bbox 702 1445 784 1531; x_wconf 90' lang='grc' dir='ltr'><strong><em>μέγα</em></strong></span> <span class='ocrx_word' id='word_1_97' title='bbox 818 1452 921 1512; x_wconf 87' lang='grc' dir='ltr'><strong><em>οίεται</em></strong></span> <span class='ocrx_word' id='word_1_98' title='bbox 954 1439 1035 1511; x_wconf 72' lang='grc' dir='ltr'><strong><em>οὐδὲ</em></strong></span> <span class='ocrx_word' id='word_1_99' title='bbox 1072 1439 1168 1524; x_wconf 86' lang='grc' dir='ltr'><strong><em>άξιον</em></strong></span> 
     </span>
     <span class='ocr_line' id='line_1_14' title="bbox 152 1544 1169 1638; baseline 0 -21"><span class='ocrx_word' id='word_1_100' title='bbox 152 1551 299 1618; x_wconf 79' lang='grc' dir='ltr'><strong><em>ἐπαίνων</em></strong></span> <span class='ocrx_word' id='word_1_101' title='bbox 330 1550 517 1636; x_wconf 80' lang='grc' dir='ltr'><strong><em>τοσοίπων,</em></strong></span> <span class='ocrx_word' id='word_1_102' title='bbox 545 1552 578 1631; x_wconf 81' lang='grc' dir='ltr'><strong><em>ἐς</em></strong></span> <span class='ocrx_word' id='word_1_103' title='bbox 606 1544 712 1618; x_wconf 81' lang='grc' dir='ltr'><strong><em>αὑτὸν</em></strong></span> <span class='ocrx_word' id='word_1_104' title='bbox 738 1546 895 1638; x_wconf 82' lang='grc' dir='ltr'><strong><em>άφορων,</em></strong></span> <span class='ocrx_word' id='word_1_105' title='bbox 928 1546 1010 1617; x_wconf 85' lang='grc' dir='ltr'><strong><em>ὅταν</em></strong></span> <span class='ocrx_word' id='word_1_106' title='bbox 1037 1555 1075 1617; x_wconf 82' lang='grc' dir='ltr'><strong><em>ἕν</em></strong></span> <span class='ocrx_word' id='word_1_107' title='bbox 1102 1576 1169 1618; x_wconf 91' lang='grc' dir='ltr'><strong><em>τινι</em></strong></span> 
     </span>
    </p>

    <p class='ocr_par' dir='ltr' id='par_1_5' title="bbox 54 1651 1166 1747">
     <span class='ocr_line' id='line_1_15' title="bbox 54 1651 1166 1747; baseline 0.001 -24"><span class='ocrx_word' id='word_1_108' title='bbox 54 1654 57 1661; x_wconf 69' lang='grc'><strong>’</strong></span> <span class='ocrx_word' id='word_1_109' title='bbox 152 1656 289 1744; x_wconf 82' lang='grc' dir='ltr'><strong><em>τοιαύτη</em></strong></span> <span class='ocrx_word' id='word_1_110' title='bbox 326 1657 482 1747; x_wconf 80' lang='grc' dir='ltr'><strong><em>ξυμφορᾷ</em></strong></span> <span class='ocrx_word' id='word_1_111' title='bbox 523 1658 674 1743; x_wconf 87' lang='grc' dir='ltr'><strong><em>γένηται,</em></strong></span> <span class='ocrx_word' id='word_1_112' title='bbox 710 1657 864 1746; x_wconf 82' lang='grc' dir='ltr'><strong><em>κρινέτω,</em></strong></span> <span class='ocrx_word' id='word_1_113' title='bbox 901 1656 957 1724; x_wconf 83' lang='grc' dir='ltr'><strong><em>καὶ</em></strong></span> <span class='ocrx_word' id='word_1_114' title='bbox 994 1651 1086 1747; x_wconf 76' lang='grc' dir='ltr'><strong><em>αὐτῷ</em></strong></span> <span class='ocrx_word' id='word_1_115' title='bbox 1125 1651 1166 1724; x_wconf 83' lang='grc' dir='ltr'><strong><em>οό</em></strong></span> 
     </span>
    </p>

    <p class='ocr_par' dir='ltr' id='par_1_6' title="bbox 83 1757 1205 2063">
     <span class='ocr_line' id='line_1_16' title="bbox 83 1757 1205 1853; baseline -0.001 -22"><span class='ocrx_word' id='word_1_116' title='bbox 83 1841 88 1847; x_wconf 37' lang='grc'><strong><em>,</em></strong></span> <span class='ocrx_word' id='word_1_117' title='bbox 152 1762 287 1850; x_wconf 89' lang='grc' dir='ltr'><strong><em>σφόδρα</em></strong></span> <span class='ocrx_word' id='word_1_118' title='bbox 314 1771 430 1853; x_wconf 81' lang='grc' dir='ltr'><strong><em>ληρεῖν</em></strong></span> <span class='ocrx_word' id='word_1_119' title='bbox 458 1762 609 1850; x_wconf 75' lang='grc' dir='ltr'><strong><em>δόξομεν,</em></strong></span> <span class='ocrx_word' id='word_1_120' title='bbox 637 1757 681 1842; x_wconf 74' lang='grc' dir='ltr'><strong><em>ὡς</em></strong></span> <span class='ocrx_word' id='word_1_121' title='bbox 709 1759 774 1850; x_wconf 78' lang='grc' dir='ltr'><strong><em>ἐγὼ</em></strong></span> <span class='ocrx_word' id='word_1_122' title='bbox 802 1767 970 1849; x_wconf 90' lang='grc' dir='ltr'><strong><em>πείθομαι.</em></strong></span> <span class='ocrx_word' id='word_1_123' title='bbox 1016 1764 1168 1844; x_wconf 81' lang='grc' dir='ltr'><strong><em>τοιοῦτος</em></strong></span> <span class='ocrx_word' id='word_1_124' title='bbox 1181 1789 1205 1830; x_wconf 80' lang='lat'><strong><em>15</em></strong></span> 
     </span>
     <span class='ocr_line' id='line_1_17' title="bbox 153 1864 1168 1957; baseline 0 -21"><span class='ocrx_word' id='word_1_125' title='bbox 153 1868 190 1937; x_wconf 71' lang='grc' dir='ltr'><strong><em>δὲ</em></strong></span> <span class='ocrx_word' id='word_1_126' title='bbox 218 1864 267 1936; x_wconf 77' lang='grc' dir='ltr'><strong><em>τόν</em></strong></span> <span class='ocrx_word' id='word_1_127' title='bbox 293 1870 349 1937; x_wconf 79' lang='grc' dir='ltr'><strong><em>καὶ</em></strong></span> <span class='ocrx_word' id='word_1_128' title='bbox 376 1868 556 1957; x_wconf 91' lang='grc' dir='ltr'><strong><em>γενόμενος</em></strong></span> <span class='ocrx_word' id='word_1_129' title='bbox 574 1866 730 1956; x_wconf 79' lang='grc' dir='ltr'><strong><em>βασιλεὺς</em></strong></span> <span class='ocrx_word' id='word_1_130' title='bbox 757 1866 838 1956; x_wconf 86' lang='grc' dir='ltr'><strong><em>μετά</em></strong></span> <span class='ocrx_word' id='word_1_131' title='bbox 864 1866 925 1936; x_wconf 86' lang='grc' dir='ltr'><strong><em>τὸν</em></strong></span> <span class='ocrx_word' id='word_1_132' title='bbox 952 1867 1099 1956; x_wconf 86' lang='grc' dir='ltr'><strong><em>πόλεμον</em></strong></span> <span class='ocrx_word' id='word_1_133' title='bbox 1123 1875 1168 1937; x_wconf 90' lang='grc' dir='ltr'><strong><em>εί-</em></strong></span> 
     </span>
     <span class='ocr_line' id='line_1_18' title="bbox 152 1970 1168 2063; baseline 0 -20"><span class='ocrx_word' id='word_1_134' title='bbox 152 1975 257 2056; x_wconf 90' lang='grc' dir='ltr'><strong><em>κότως</em></strong></span> <span class='ocrx_word' id='word_1_135' title='bbox 285 1973 327 2044; x_wconf 82' lang='grc' dir='ltr'><strong><em>οὐ</em></strong></span> <span class='ocrx_word' id='word_1_136' title='bbox 354 1975 462 2063; x_wconf 91' lang='grc' dir='ltr'><strong><em>μόνον</em></strong></span> <span class='ocrx_word' id='word_1_137' title='bbox 490 1976 558 2044; x_wconf 77' lang='grc' dir='ltr'><strong><em>ἐστὶ</em></strong></span> <span class='ocrx_word' id='word_1_138' title='bbox 585 1973 745 2055; x_wconf 87' lang='grc' dir='ltr'><strong><em>ποθεινὸς</em></strong></span> <span class='ocrx_word' id='word_1_139' title='bbox 766 1989 837 2055; x_wconf 79' lang='grc' dir='ltr'><strong><em>τοῖς</em></strong></span> <span class='ocrx_word' id='word_1_140' title='bbox 864 1981 975 2062; x_wconf 90' lang='grc' dir='ltr'><strong><em>φίλοις</em></strong></span> <span class='ocrx_word' id='word_1_141' title='bbox 1002 1975 1059 2042; x_wconf 83' lang='grc' dir='ltr'><strong><em>καὶ</em></strong></span> <span class='ocrx_word' id='word_1_142' title='bbox 1087 1970 1168 2061; x_wconf 91' lang='grc' dir='ltr'><strong><em>άγα-</em></strong></span> 
     </span>
    </p>

    <p class='ocr_par' dir='ltr' id='par_1_7' title="bbox 111 2081 1219 2911">
     <span class='ocr_line' id='line_1_19' title="bbox 111 2081 1169 2170; baseline -0.002 -18"><span class='ocrx_word' id='word_1_143' title='bbox 111 2099 133 2152; x_wconf 94' lang='grc' dir='ltr'><strong>Β</strong></span> <span class='ocrx_word' id='word_1_144' title='bbox 152 2081 265 2170; x_wconf 88' lang='grc' dir='ltr'><strong><em>πητός,</em></strong></span> <span class='ocrx_word' id='word_1_145' title='bbox 292 2085 415 2170; x_wconf 75' lang='grc' dir='ltr'><strong><em>πολλῆς</em></strong></span> <span class='ocrx_word' id='word_1_146' title='bbox 434 2081 495 2170; x_wconf 69' lang='grc' dir='ltr'><strong><em>μὲν</em></strong></span> <span class='ocrx_word' id='word_1_147' title='bbox 513 2084 608 2168; x_wconf 76' lang='grc' dir='ltr'><strong><em>τιμῆς</em></strong></span> <span class='ocrx_word' id='word_1_148' title='bbox 626 2082 682 2149; x_wconf 83' lang='grc' dir='ltr'><strong><em>καὶ</em></strong></span> <span class='ocrx_word' id='word_1_149' title='bbox 702 2081 876 2168; x_wconf 89' lang='grc' dir='ltr'><strong><em>δυνάμεως</em></strong></span> <span class='ocrx_word' id='word_1_150' title='bbox 898 2081 954 2149; x_wconf 80' lang='grc' dir='ltr'><strong><em>καὶ</em></strong></span> <span class='ocrx_word' id='word_1_151' title='bbox 980 2088 1169 2168; x_wconf 84' lang='grc' dir='ltr'><strong><em>παρρησίας</em></strong></span> 
     </span>
     <span class='ocr_line' id='line_1_20' title="bbox 152 2183 1169 2275; baseline 0.001 -19"><span class='ocrx_word' id='word_1_152' title='bbox 152 2188 365 2275; x_wconf 82' lang='grc' dir='ltr'><strong><em>μεταδιδούς,</em></strong></span> <span class='ocrx_word' id='word_1_153' title='bbox 398 2188 547 2275; x_wconf 80' lang='grc' dir='ltr'><strong><em>χρήματα</em></strong></span> <span class='ocrx_word' id='word_1_154' title='bbox 576 2189 616 2255; x_wconf 86' lang='grc' dir='ltr'><strong><em>δέ</em></strong></span> <span class='ocrx_word' id='word_1_155' title='bbox 641 2183 758 2267; x_wconf 77' lang='grc' dir='ltr'><strong><em>αὐτοῖς</em></strong></span> <span class='ocrx_word' id='word_1_156' title='bbox 785 2184 925 2273; x_wconf 89' lang='grc' dir='ltr'><strong><em>άφθονα</em></strong></span> <span class='ocrx_word' id='word_1_157' title='bbox 953 2186 1169 2274; x_wconf 78' lang='grc' dir='ltr'><strong><em>χαριζόμενος</em></strong></span> 
     </span>
     <span class='ocr_line' id='line_1_21' title="bbox 151 2289 1205 2384; baseline 0.002 -24"><span class='ocrx_word' id='word_1_158' title='bbox 151 2294 207 2360; x_wconf 86' lang='grc' dir='ltr'><strong><em>καὶ</em></strong></span> <span class='ocrx_word' id='word_1_159' title='bbox 234 2296 380 2380; x_wconf 75' lang='grc' dir='ltr'><strong><em>χρῆσθαι</em></strong></span> <span class='ocrx_word' id='word_1_160' title='bbox 408 2289 498 2372; x_wconf 83' lang='grc' dir='ltr'><strong><em>ὅπως</em></strong></span> <span class='ocrx_word' id='word_1_161' title='bbox 515 2318 565 2372; x_wconf 87' lang='grc' dir='ltr'><strong><em>τις</em></strong></span> <span class='ocrx_word' id='word_1_162' title='bbox 583 2291 739 2379; x_wconf 84' lang='grc' dir='ltr'><strong><em>βούλεται</em></strong></span> <span class='ocrx_word' id='word_1_163' title='bbox 757 2294 803 2383; x_wconf 74' lang='grc' dir='ltr'><strong><em>τῷ</em></strong></span> <span class='ocrx_word' id='word_1_164' title='bbox 822 2293 955 2384; x_wconf 82' lang='grc' dir='ltr'><strong><em>πλοότφ</em></strong></span> <span class='ocrx_word' id='word_1_165' title='bbox 976 2294 1167 2382; x_wconf 81' lang='grc' dir='ltr'><strong><em>ξυγχωρῶν,</em></strong></span> <span class='ocrx_word' id='word_1_166' title='bbox 1181 2321 1205 2361; x_wconf 80' lang='grc' dir='ltr'><strong><em>ιο</em></strong></span> 
     </span>
     <span class='ocr_line' id='line_1_22' title="bbox 152 2395 1168 2489; baseline 0.004 -23"><span class='ocrx_word' id='word_1_167' title='bbox 152 2395 235 2466; x_wconf 87' lang='grc' dir='ltr'><strong><em>άλλδι</em></strong></span> <span class='ocrx_word' id='word_1_168' title='bbox 263 2399 318 2466; x_wconf 79' lang='grc' dir='ltr'><strong><em>καὶ</em></strong></span> <span class='ocrx_word' id='word_1_169' title='bbox 346 2412 416 2478; x_wconf 80' lang='grc' dir='ltr'><strong><em>τοῖς</em></strong></span> <span class='ocrx_word' id='word_1_170' title='bbox 449 2403 619 2484; x_wconf 89' lang='grc' dir='ltr'><strong><em>πολεμίοις</em></strong></span> <span class='ocrx_word' id='word_1_171' title='bbox 646 2400 797 2479; x_wconf 83' lang='grc' dir='ltr'><strong><em>τοιοῦτος</em></strong></span> <span class='ocrx_word' id='word_1_172' title='bbox 826 2399 943 2468; x_wconf 78' lang='grc' dir='ltr'><strong><em>ἐδόκει.</em></strong></span> <span class='ocrx_word' id='word_1_173' title='bbox 988 2399 1168 2489; x_wconf 81' lang='grc' dir='ltr'><strong><em>τεκμήριον</em></strong></span> 
     </span>
     <span class='ocr_line' id='line_1_23' title="bbox 153 2498 1168 2601; baseline 0.002 -29"><span class='ocrx_word' id='word_1_174' title='bbox 153 2503 190 2601; x_wconf 59' lang='grc' dir='ltr'><strong><em>δέ</em></strong></span> <span class='ocrx_word' id='word_1_175' title='bbox 218 2498 299 2590; x_wconf 78' lang='grc' dir='ltr'><strong><em>ὑμῖν</em></strong></span> <span class='ocrx_word' id='word_1_176' title='bbox 332 2502 477 2591; x_wconf 70' lang='grc' dir='ltr'><strong><em>ἐμφανὲς</em></strong></span> <span class='ocrx_word' id='word_1_177' title='bbox 508 2504 564 2571; x_wconf 81' lang='grc' dir='ltr'><strong><em>καὶ</em></strong></span> <span class='ocrx_word' id='word_1_178' title='bbox 591 2506 692 2573; x_wconf 82' lang='grc' dir='ltr'><strong><em>τοῦδε</em></strong></span> <span class='ocrx_word' id='word_1_179' title='bbox 724 2506 907 2592; x_wconf 74' lang='grc' dir='ltr'><strong><em>γιγνέσθω·</em></strong></span> <span class='ocrx_word' id='word_1_180' title='bbox 940 2503 1076 2593; x_wconf 87' lang='grc' dir='ltr'><strong><em>άνδρες,</em></strong></span> <span class='ocrx_word' id='word_1_181' title='bbox 1111 2509 1168 2595; x_wconf 76' lang='grc' dir='ltr'><strong><em>τῆς</em></strong></span> 
     </span>
     <span class='ocr_line' id='line_1_24' title="bbox 152 2606 1166 2703; baseline 0.003 -26"><span class='ocrx_word' id='word_1_182' title='bbox 152 2616 329 2697; x_wconf 86' lang='grc' dir='ltr'><strong><em>γερουσίας</em></strong></span> <span class='ocrx_word' id='word_1_183' title='bbox 366 2606 479 2698; x_wconf 82' lang='grc' dir='ltr'><strong><em>ὅτιπερ</em></strong></span> <span class='ocrx_word' id='word_1_184' title='bbox 513 2607 649 2697; x_wconf 86' lang='grc' dir='ltr'><strong><em>όφελος,</em></strong></span> <span class='ocrx_word' id='word_1_185' title='bbox 686 2607 818 2692; x_wconf 81' lang='grc' dir='ltr'><strong><em>άξιοόσει</em></strong></span> <span class='ocrx_word' id='word_1_186' title='bbox 855 2613 911 2680; x_wconf 81' lang='grc' dir='ltr'><strong><em>καὶ</em></strong></span> <span class='ocrx_word' id='word_1_187' title='bbox 942 2612 1077 2703; x_wconf 77' lang='grc' dir='ltr'><strong><em>πλούτῳ</em></strong></span> <span class='ocrx_word' id='word_1_188' title='bbox 1110 2614 1166 2681; x_wconf 81' lang='grc' dir='ltr'><strong><em>καὶ</em></strong></span> 
     </span>
     <span class='ocr_line' id='line_1_25' title="bbox 151 2713 1219 2808; baseline 0.003 -25"><span class='ocrx_word' id='word_1_189' title='bbox 151 2717 282 2798; x_wconf 85' lang='grc' dir='ltr'><strong><em>ξυνέσει</em></strong></span> <span class='ocrx_word' id='word_1_190' title='bbox 318 2717 536 2805; x_wconf 82' lang='grc' dir='ltr'><strong><em>διαφέροντες</em></strong></span> <span class='ocrx_word' id='word_1_191' title='bbox 571 2719 640 2785; x_wconf 78' lang='grc' dir='ltr'><strong><em>τῶν</em></strong></span> <span class='ocrx_word' id='word_1_192' title='bbox 677 2713 802 2805; x_wconf 85' lang='grc' dir='ltr'><strong><em>άλλων,</em></strong></span> <span class='ocrx_word' id='word_1_193' title='bbox 841 2714 951 2808; x_wconf 75' lang='grc' dir='ltr'><strong><em>ὥσπερ</em></strong></span> <span class='ocrx_word' id='word_1_194' title='bbox 985 2720 1018 2799; x_wconf 78' lang='grc' dir='ltr'><strong><em>ἐς</em></strong></span> <span class='ocrx_word' id='word_1_195' title='bbox 1050 2721 1167 2807; x_wconf 90' lang='grc' dir='ltr'><strong><em>λιμένα</em></strong></span> <span class='ocrx_word' id='word_1_196' title='bbox 1215 2734 1219 2738; x_wconf 82' lang='grc'><strong><em>’</em></strong></span> 
     </span>
     <span class='ocr_line' id='line_1_26' title="bbox 150 2821 1202 2911; baseline 0.002 -21"><span class='ocrx_word' id='word_1_197' title='bbox 150 2822 418 2909; x_wconf 82' lang='grc' dir='ltr'><strong><em>καταφεύγοντες</em></strong></span> <span class='ocrx_word' id='word_1_198' title='bbox 444 2821 507 2911; x_wconf 77' lang='grc' dir='ltr'><strong><em>τὴν</em></strong></span> <span class='ocrx_word' id='word_1_199' title='bbox 533 2823 658 2893; x_wconf 85' lang='grc' dir='ltr'><strong><em>τούτου</em></strong></span> <span class='ocrx_word' id='word_1_200' title='bbox 677 2823 800 2911; x_wconf 88' lang='grc' dir='ltr'><strong><em>δεξιάν,</em></strong></span> <span class='ocrx_word' id='word_1_201' title='bbox 829 2826 938 2905; x_wconf 84' lang='grc' dir='ltr'><strong><em>ἑστίας</em></strong></span> <span class='ocrx_word' id='word_1_202' title='bbox 955 2851 991 2904; x_wconf 85' lang='grc' dir='ltr'><strong><em>τε</em></strong></span> <span class='ocrx_word' id='word_1_203' title='bbox 1014 2825 1202 2906; x_wconf 82' lang='grc' dir='ltr'><strong><em>λιπόντεςει</em></strong></span> 
     </span>
    </p>

    <p class='ocr_par' dir='ltr' id='par_1_8' title="bbox 112 2927 1167 3019">
     <span class='ocr_line' id='line_1_27' title="bbox 112 2927 1167 3019; baseline 0 -17"><span class='ocrx_word' id='word_1_204' title='bbox 112 2931 206 3002; x_wconf 82' lang='grc' dir='ltr'><strong><em>Οκαλ</em></strong></span> <span class='ocrx_word' id='word_1_205' title='bbox 234 2938 349 3011; x_wconf 78' lang='grc' dir='ltr'><strong><em>οἴκους</em></strong></span> <span class='ocrx_word' id='word_1_206' title='bbox 379 2931 436 2998; x_wconf 80' lang='grc' dir='ltr'><strong><em>καὶ</em></strong></span> <span class='ocrx_word' id='word_1_207' title='bbox 463 2935 585 3010; x_wconf 84' lang='grc' dir='ltr'><strong><em>παῖδας</em></strong></span> <span class='ocrx_word' id='word_1_208' title='bbox 611 2937 781 2999; x_wconf 92' lang='grc' dir='ltr'><strong><em>Παιονίαν</em></strong></span> <span class='ocrx_word' id='word_1_209' title='bbox 813 2929 874 3018; x_wconf 76' lang='grc' dir='ltr'><strong><em>μέν</em></strong></span> <span class='ocrx_word' id='word_1_210' title='bbox 902 2927 976 3000; x_wconf 81' lang='grc' dir='ltr'><strong><em>άυτλ</em></strong></span> <span class='ocrx_word' id='word_1_211' title='bbox 1007 2933 1068 3019; x_wconf 76' lang='grc' dir='ltr'><strong><em>τῆς</em></strong></span> <span class='ocrx_word' id='word_1_212' title='bbox 1092 2928 1167 3002; x_wconf 77' lang='lat' dir='ltr'><em>‘Pro&#39;-</em></span> 
     </span>
    </p>
   </div>
   <div class='ocr_carea' id='block_1_3' title="bbox 218 3173 1166 3315">
    <p class='ocr_par' dir='ltr' id='par_1_9' title="bbox 218 3173 1166 3315">
     <span class='ocr_line' id='line_1_28' title="bbox 218 3173 1166 3315; baseline 0.001 -79"><span class='ocrx_word' id='word_1_213' title='bbox 218 3187 234 3236; x_wconf 87' lang='lat'><strong>3</strong></span> <span class='ocrx_word' id='word_1_214' title='bbox 253 3175 370 3315; x_wconf 49' lang='grc' dir='ltr'><strong><em>αδτοῖςὲ</em></strong></span> <span class='ocrx_word' id='word_1_215' title='bbox 384 3175 485 3243; x_wconf 80' lang='grc' dir='ltr'><strong><em>αάτοῖς</em></strong></span> <span class='ocrx_word' id='word_1_216' title='bbox 502 3184 569 3246; x_wconf 86' lang='lat' dir='ltr'><strong><em>VM,</em></strong></span> <span class='ocrx_word' id='word_1_217' title='bbox 588 3173 697 3243; x_wconf 80' lang='grc' dir='ltr'><strong><em>αότοδς</em></strong></span> <span class='ocrx_word' id='word_1_218' title='bbox 714 3182 752 3266; x_wconf 72' lang='grc' dir='ltr'><strong><em>ν]</em></strong></span> <span class='ocrx_word' id='word_1_219' title='bbox 773 3182 849 3250; x_wconf 77' lang='grc' dir='ltr'><strong><em>εἴγε</em></strong></span> <span class='ocrx_word' id='word_1_220' title='bbox 867 3182 937 3253; x_wconf 86' lang='lat' dir='ltr'><strong><em>VM]</em></strong></span> <span class='ocrx_word' id='word_1_221' title='bbox 957 3177 1002 3236; x_wconf 82' lang='grc' dir='ltr'><strong><em>ότι</em></strong></span> <span class='ocrx_word' id='word_1_222' title='bbox 1058 3188 1091 3239; x_wconf 87' lang='grc'><strong><em>10</em></strong></span> <span class='ocrx_word' id='word_1_223' title='bbox 1108 3203 1166 3252; x_wconf 85' lang='grc' dir='ltr'><strong><em>τρε-</em></strong></span> 
     </span>
    </p>
   </div>
   <div class='ocr_carea' id='block_1_4' title="bbox 146 3241 1219 3575">
    <p class='ocr_par' dir='ltr' id='par_1_10' title="bbox 146 3241 1219 3575">
     <span class='ocr_line' id='line_1_29' title="bbox 149 3241 1219 3319; baseline 0.001 -17"><span class='ocrx_word' id='word_1_224' title='bbox 149 3242 295 3318; x_wconf 74' lang='grc' dir='ltr'><strong><em>ψάμενον]</em></strong></span> <span class='ocrx_word' id='word_1_225' title='bbox 320 3250 354 3302; x_wconf 84' lang='grc' dir='ltr'><strong><em>δε</em></strong></span> <span class='ocrx_word' id='word_1_226' title='bbox 373 3245 482 3316; x_wconf 86' lang='grc' dir='ltr'><strong><em>άμενον</em></strong></span> <span class='ocrx_word' id='word_1_227' title='bbox 498 3252 576 3317; x_wconf 63' lang='lat' dir='ltr'><strong><em>Pet„</em></strong></span> <span class='ocrx_word' id='word_1_228' title='bbox 600 3241 839 3319; x_wconf 79' lang='grc' dir='ltr'><strong><em>άποτριφομενον</em></strong></span> <span class='ocrx_word' id='word_1_229' title='bbox 858 3253 885 3301; x_wconf 91' lang='grc' dir='ltr'><strong>Η</strong></span> <span class='ocrx_word' id='word_1_230' title='bbox 955 3255 987 3304; x_wconf 88' lang='grc'><strong><em>13</em></strong></span> <span class='ocrx_word' id='word_1_231' title='bbox 1012 3244 1108 3306; x_wconf 74' lang='grc' dir='ltr'><strong><em>αὐτὸν</em></strong></span> <span class='ocrx_word' id='word_1_232' title='bbox 1127 3251 1163 3318; x_wconf 89' lang='lat' dir='ltr'><strong><em>fl.]</em></strong></span> <span class='ocrx_word' id='word_1_233' title='bbox 1198 3257 1219 3303; x_wconf 60' lang='lat'><strong><em>,⁴</em></strong></span> 
     </span>
     <span class='ocr_line' id='line_1_30' title="bbox 151 3309 1216 3388; baseline 0.003 -19"><span class='ocrx_word' id='word_1_234' title='bbox 151 3309 241 3370; x_wconf 76' lang='grc' dir='ltr'><strong><em>αὐτόν</em></strong></span> <span class='ocrx_word' id='word_1_235' title='bbox 311 3321 343 3369; x_wconf 87' lang='grc'><strong><em>14</em></strong></span> <span class='ocrx_word' id='word_1_236' title='bbox 366 3311 447 3388; x_wconf 76' lang='grc' dir='ltr'><strong><em>ου’τῷ</em></strong></span> <span class='ocrx_word' id='word_1_237' title='bbox 467 3319 531 3372; x_wconf 81' lang='lat' dir='ltr'><strong>fort.</strong></span> <span class='ocrx_word' id='word_1_238' title='bbox 554 3319 701 3370; x_wconf 80' lang='lat' dir='ltr'><strong>delendum</strong></span> <span class='ocrx_word' id='word_1_239' title='bbox 775 3321 807 3370; x_wconf 83' lang='lat'><strong><em>15</em></strong></span> <span class='ocrx_word' id='word_1_240' title='bbox 834 3317 944 3388; x_wconf 84' lang='grc' dir='ltr'><strong><em>ληρεῖν]</em></strong></span> <span class='ocrx_word' id='word_1_241' title='bbox 975 3320 1165 3387; x_wconf 64' lang='grc' dir='ltr'><strong><em>λοιδορεῖνί</em></strong></span> <span class='ocrx_word' id='word_1_242' title='bbox 1207 3318 1216 3359; x_wconf 55' lang='lat'>3</span> 
     </span>
     <span class='ocr_line' id='line_1_31' title="bbox 151 3381 1208 3469; baseline 0.002 -34"><span class='ocrx_word' id='word_1_243' title='bbox 151 3387 183 3435; x_wconf 85' lang='grc'><strong><em>16</em></strong></span> <span class='ocrx_word' id='word_1_244' title='bbox 202 3381 235 3437; x_wconf 68' lang='grc' dir='ltr'><strong><em>δὲ</em></strong></span> <span class='ocrx_word' id='word_1_245' title='bbox 254 3387 316 3440; x_wconf 81' lang='lat' dir='ltr'><strong>add.</strong></span> <span class='ocrx_word' id='word_1_246' title='bbox 335 3386 360 3436; x_wconf 89' lang='lat' dir='ltr'><strong>V</strong></span> <span class='ocrx_word' id='word_1_247' title='bbox 430 3388 462 3438; x_wconf 86' lang='lat'><strong><em>18</em></strong></span> <span class='ocrx_word' id='word_1_248' title='bbox 480 3384 597 3452; x_wconf 80' lang='grc' dir='ltr'><strong><em>πολλῆς]</em></strong></span> <span class='ocrx_word' id='word_1_249' title='bbox 615 3387 734 3447; x_wconf 82' lang='grc' dir='ltr'><strong><em>πολλοῖς</em></strong></span> <span class='ocrx_word' id='word_1_250' title='bbox 752 3388 789 3449; x_wconf 88' lang='lat' dir='ltr'><strong><em>fl.,</em></strong></span> <span class='ocrx_word' id='word_1_251' title='bbox 808 3389 880 3451; x_wconf 85' lang='lat' dir='ltr'>quod</span> <span class='ocrx_word' id='word_1_252' title='bbox 897 3394 1044 3469; x_wconf 78' lang='lat' dir='ltr'><strong>praestare</strong></span> <span class='ocrx_word' id='word_1_253' title='bbox 1059 3390 1164 3440; x_wconf 83' lang='lat' dir='ltr'><strong>videtur</strong></span> <span class='ocrx_word' id='word_1_254' title='bbox 1206 3450 1208 3452; x_wconf 26' lang='grc'><strong><em>,</em></strong></span> 
     </span>
     <span class='ocr_line' id='line_1_32' title="bbox 146 3444 1160 3575; baseline 0.003 -74"><span class='ocrx_word' id='word_1_255' title='bbox 146 3455 183 3502; x_wconf 86' lang='grc'><strong><em>19</em></strong></span> <span class='ocrx_word' id='word_1_256' title='bbox 205 3444 307 3512; x_wconf 83' lang='grc' dir='ltr'><strong><em>αότοὶς</em></strong></span> <span class='ocrx_word' id='word_1_257' title='bbox 329 3453 391 3505; x_wconf 82' lang='lat' dir='ltr'><strong>add.</strong></span> <span class='ocrx_word' id='word_1_258' title='bbox 410 3455 435 3504; x_wconf 91' lang='lat' dir='ltr'><strong>V</strong></span> <span class='ocrx_word' id='word_1_259' title='bbox 503 3457 536 3506; x_wconf 77' lang='lat'><strong><em>20</em></strong></span> <span class='ocrx_word' id='word_1_260' title='bbox 556 3453 706 3575; x_wconf 54' lang='grc' dir='ltr'><strong><em>ἔρηταιν</em></strong></span> <span class='ocrx_word' id='word_1_261' title='bbox 775 3458 808 3506; x_wconf 79' lang='lat'><strong><em>23</em></strong></span> <span class='ocrx_word' id='word_1_262' title='bbox 832 3446 949 3519; x_wconf 80' lang='grc' dir='ltr'><strong><em>άξιωσει</em></strong></span> <span class='ocrx_word' id='word_1_263' title='bbox 968 3455 1001 3522; x_wconf 87' lang='lat' dir='ltr'><strong><em>V]</em></strong></span> <span class='ocrx_word' id='word_1_264' title='bbox 1024 3446 1160 3524; x_wconf 67' lang='grc' dir='ltr'><strong><em>άξιάματ·</em></strong></span> 
     </span>
    </p>
   </div>
   <div class='ocr_carea' id='block_1_5' title="bbox 132 3509 1132 3591">
    <p class='ocr_par' dir='ltr' id='par_1_11' title="bbox 132 3509 1132 3591">
     <span class='ocr_line' id='line_1_33' title="bbox 132 3509 1132 3591; baseline 0.011 -28"><span class='ocrx_word' id='word_1_265' title='bbox 132 3518 171 3564; x_wconf 77' lang='lat'><strong><em>25</em></strong></span> <span class='ocrx_word' id='word_1_266' title='bbox 189 3509 345 3571; x_wconf 75' lang='grc' dir='ltr'><strong><em>ἕντιθινΜ</em></strong></span> <span class='ocrx_word' id='word_1_267' title='bbox 393 3522 447 3573; x_wconf 63' lang='grc' dir='ltr'><strong><em>ολδ</em></strong></span> <span class='ocrx_word' id='word_1_268' title='bbox 465 3536 554 3574; x_wconf 90' lang='grc' dir='ltr'><strong><em>παιον</em></strong></span> <span class='ocrx_word' id='word_1_269' title='bbox 569 3538 604 3573; x_wconf 91' lang='grc' dir='ltr'><strong><em>αν</em></strong></span> <span class='ocrx_word' id='word_1_270' title='bbox 625 3519 662 3590; x_wconf 87' lang='lat' dir='ltr'><strong><em>V]</em></strong></span> <span class='ocrx_word' id='word_1_271' title='bbox 681 3518 731 3574; x_wconf 85' lang='grc' dir='ltr'><strong><em>κοιλ</em></strong></span> <span class='ocrx_word' id='word_1_272' title='bbox 750 3523 896 3574; x_wconf 86' lang='grc' dir='ltr'><strong><em>Παιονίαν</em></strong></span> <span class='ocrx_word' id='word_1_273' title='bbox 924 3525 928 3590; x_wconf 81' lang='grc' dir='ltr'>Ι</span> <span class='ocrx_word' id='word_1_274' title='bbox 955 3523 1007 3591; x_wconf 81' lang='grc' dir='ltr'><strong><em>τῆς</em></strong></span> <span class='ocrx_word' id='word_1_275' title='bbox 1027 3524 1132 3579; x_wconf 81' lang='lat' dir='ltr'><strong>add.V</strong></span> 
     </span>
    </p>
   </div>
   <div class='ocr_carea' id='block_1_6' title="bbox 0 0 1228 3870">
    <p class='ocr_par' dir='ltr' id='par_1_12' title="bbox 0 0 1228 3870">
     <span class='ocr_line' id='line_1_34' title="bbox 0 0 1228 3870; baseline 0 1"><span class='ocrx_word' id='word_1_276' title='bbox 0 0 1228 3870; x_wconf 95' lang='lat' dir='ltr'><strong><em> </em></strong></span> 
     </span>
    </p>
   </div>
  </div>
 </body>
</html>
