2436 3870
434 200 436 202 ,
461 146 679 205 PRAEFATIO.
1051 157 1074 204 v

151 289 246 357 Nunc
278 275 366 356 utar
385 290 446 354 hac
477 286 645 373 praefandi
678 285 920 371 opportunitate
952 282 993 347 ad
1020 282 1074 346 ad-

62 397 167 464 denda
198 396 356 481 quaedam
388 396 428 463 ad
457 393 619 462 Volumen
647 391 790 477 primum
823 412 861 457 ac
890 410 994 475 pauca
1024 409 1074 452 re-

61 503 239 572 tractando.
271 584 275 585 γ

149 648 185 715 Ρ.
211 650 304 735 14,24
340 614 534 736 tanseat
562 646 678 734 νόμων
699 647 754 714 καὶ
778 646 883 728 ξένων
906 645 1073 729 ἐπιτηθεν·

61 754 177 842 μάτων
203 755 375 844 ἐμπειρίαν
408 764 441 824 et
471 757 542 841 15,3
579 760 740 822 ποικίλων
763 748 876 839 ἠθῶν
897 752 1075 837 ἐμπειρίας.

59 864 144 930 Tam
170 866 356 930 constanter
387 865 450 949 ἔθη
478 860 533 928 καὶ
561 859 779 948 apa-iungi
808 860 927 942 solent,
958 858 995 921 ut
1022 855 1074 920 his

60 992 187 1056 quoque
211 970 292 1036 locis
316 968 367 1057 (ut
390 966 524 1057 37531)
549 968 654 1035 ἐθῶν
676 967 829 1052 suspicer.

149 1113 244 1197 20,17
270 1112 474 1198 Πέρσαι’-...
497 1112 556 1197 τῆς
577 1107 743 1196 Εὐρώπης
764 1106 809 1175 τὰ
832 1106 955 1175 πολλὰ
978 1132 1073 1172 κατα-

59 1215 290 1304 στρεψάμενοι.
330 1219 404 1285 Nisi
427 1241 496 1284 rem
518 1220 616 1284 nimis
639 1241 676 1285 ec
698 1239 830 1304 prorsus
854 1217 963 1300 inepte
984 1217 1074 1281 auxit

59 1325 217 1410 Iulianus,
241 1325 413 1391 articulum
435 1329 511 1392 ente
534 1321 640 1391 πολλοί
663 1323 842 1391 tollendum
861 1343 930 1388 esse
950 1343 1074 1388 censeo.

150 1467 224 1551 332
256 1465 385 1552 Πέρσαι
413 1464 451 1533 δὲ
483 1467 520 1546 ἐξ
544 1467 702 1534 ἐκείνου
728 1462 789 1533 τὸν
811 1462 931 1552 καιρὸν
952 1464 1074 1530 τοῦτον

57 1567 362 1657 tastonam.
406 1574 469 1641 Pro
494 1575 527 1653 ιε
550 1574 698 1657 ἐκείνου,
722 1573 808 1658 quod
829 1572 862 1638 h·
883 1573 904 1639 ¹·
926 1572 1074 1656 aarum
1109 1654 1114 1659 q
1207 1596 1212 1602 ·

60 1682 127 1765 est,
149 1678 355 1750 scribendum
377 1681 505 1747 videtur
527 1679 566 1760 ἐξ
590 1680 740 1746 ἱκανοῦ.

149 1822 245 1906 62,12
280 1817 383 1906 τυχὸν
421 1818 458 1888 δὲ
493 1819 573 1889 οὐδὲ
610 1821 737 1906 ἐκείνης
768 1815 984 1888 ἀπολύεται
1015 1820 1074 1904 τῆς

61 1924 215 2012 μέμψεως
238 1922 255 1992 ὁ
279 1929 346 2011 τῆς
367 1928 539 2007 Θέτιδος.
576 1929 658 1996 Cum
680 1929 756 1995 libri
779 1923 840 1994 τὸν
862 1927 920 2012 τῆς
937 1926 1074 2004 Θέτιδος

59 2034 187 2118 legant,
222 2035 308 2101 haud
344 2036 439 2102 dubie
472 2037 677 2102 scribendum
710 2040 759 2102 est
790 2029 979 2101 ἀπολύετε
1016 2031 1073 2120 (an

12 2148 20 2163 ’
59 2133 277 2230 ίιπολύσετεῖ)
313 2138 383 2209 τὸν
414 2144 481 2228 της
512 2141 707 2235 Θέτιδος.ι
742 2142 935 2229 Saepissime
964 2146 1072 2207 autem

59 2271 95 2311 ιιι
123 2250 156 2312 et
183 2271 198 2312 ε
225 2249 260 2314 in
286 2249 380 2315 libris
402 2254 641 2336 permutantur,
673 2253 710 2315 ut
733 2251 852 2335 346‚2o
874 2252 1072 2334 sepelitote
1145 2327 1147 2332 ἲ

59 2357 93 2419 et
127 2357 351 2440 παρείλασθαι
393 2360 426 2422 et
461 2357 556 2444 444,1
599 2351 827 2441 ἀναπίμπλατε
863 2359 896 2421 et
931 2349 1071 2441 ἆναπίμ·

59 2466 212 2527 πλανται.

149 2586 245 2671 75,12
269 2585 443 2653 ἐπανιτέον
461 2584 606 2673 ὅθενπερ
626 2588 779 2673 ἐξηλθον.
816 2587 968 2654 Vossiani
988 2585 1072 2655 ὅθεν

59 2691 314 2777 παρεξῆλθον
336 2695 556 2780 recipiendum
579 2700 656 2761 erat.

147 2825 244 2909 90‚14
273 2825 393 2894 θετέον
422 2824 458 2893 δὲ
486 2826 523 2892 ἐν
550 2822 667 2914 ἀρετῆς
690 2831 792 2916 μοίρηι
813 2825 876 2914 τὴν
899 2825 1071 2915 εὐσέβειαν

57 2926 130 3015 τὴν
152 2935 375 3017 κρατίστην.
411 2933 488 2999 Non
511 2934 589 2999 satis
614 2938 689 3020 apte
712 2931 775 3029 την
798 2939 976 3021 κρατίστην
999 2959 1071 3002 cum

56 3033 118 3121 τὴν
137 3031 309 3121 εὐσέβειαν
328 3041 481 3125 coniungi
498 3043 587 3126 puto.
619 3040 736 3109 Nescio
751 3042 851 3128 igitur
866 3065 908 3107 an
921 3042 1069 3108 Iulianus

56 3143 124 3228 τῆς
146 3146 356 3229 κρατίστης
379 3145 420 3211 ad
443 3139 561 3231 ἀρετῆς
582 3147 785 3213 referendum
809 3149 985 3233 scripserit.

150 3277 266 3362 176‚12
284 3273 427 3363 Ὅμηρός
449 3303 484 3344 τε
501 3280 557 3345 καὶ
571 3275 728 3357 Ἡσίοδος
745 3287 817 3346 είθε
836 3280 891 3346 καὶ
910 3282 1069 3361 νοοῦντες

57 3377 164 3460 οὕτως
187 3378 252 3449 εἴτε
274 3382 330 3449 καὶ
354 3383 508 3473 ἐπιπνοίᾳ
530 3389 610 3474 θείᾳ
631 3383 783 3473 καθάπερ
808 3387 843 3452 οί
863 3385 997 3472 μάντεις
1019 3387 1069 3455 ἐν·

56 3490 263 3570 θονσιῶντες
276 3487 371 3577 πρὸς
396 3490 459 3578 τὴν
484 3490 657 3579 ἀλήθειαν.
701 3495 832 3563 Excidit
854 3490 972 3562 αὐτοί
992 3503 1068 3566 ante
1172 3566 1197 3592 4
