2446 3870
153 153 195 217 82
453 154 596 206 IULIANI
617 153 868 206 IMPERATORIS

98 275 99 278 ¹
155 279 431 371 διαρπασόμενοι,
459 282 516 350 καὶ
544 280 677 349 ἐδέδοτό
706 302 789 369 σφιν
815 282 877 349 τοῦ
904 278 1019 371 πρόσω
1047 296 1168 372 χωρεῖν

153 387 191 457 τὸ
221 401 375 475 σημείου,
408 384 564 456 ὠθοῦντο
598 385 797 474 ξύμπαντες,
830 384 931 467 αὐτός
962 413 1012 468 τις
1039 388 1168 457 ἐθέλων

120 538 125 545 -
153 496 284 581 πρῶτος
312 495 490 563 ἐσαλέσθαι
517 491 554 562 τὸ
583 507 690 579 τεῖχος
716 494 773 563 καὶ
806 501 959 580 οἴχεσθαι
987 494 1101 583 φέρων
1127 492 1166 563 τὸ

154 597 205 669 ἐπ’
236 596 325 692 αὐτῷ
353 601 459 680 κλέος·
488 596 579 667 είυαί
602 625 637 667 τε
660 596 764 670 οὐδέν
782 599 940 682 ἐτόπαζον
968 600 1057 680 δέος·
1086 597 1168 670 οὐδὲ

154 705 218 795 γὰρ
245 701 426 793 ὑπομενεῖν
454 698 552 794 σφων
578 702 641 793 τήν
669 701 777 796 ὁρμὴν
803 703 882 786 τοὺς
910 710 1012 776 ἔνδον
1038 702 1195 793 ἠξίουνιῑ

120 817 368 901 ΟΠαρθυαίοις
408 811 469 901 μὲν
509 815 672 880 τοσοῦτον
708 814 828 902 περιῆν
863 814 1006 892 ἐλπίδος.
1061 817 1096 881 οί
1131 811 1168 881 δὲ

154 918 287 1006 πυκνήν
313 945 348 987 τε
377 916 468 1006 είχον
495 917 558 1006 τήν
577 917 733 1006 φάλαγγα
760 915 843 988 κατὰ
861 915 899 988 τὸ
928 913 1170 1007 διερρηγμένου

154 1027 216 1093 τοῦ
247 1031 391 1113 τείχους,
423 1026 479 1094 καὶ
511 1020 595 1112 ὑπὲρ
627 1027 689 1093 τοῦ
722 1027 929 1104 συνεστῶτος
965 1020 1094 1093 ὁπόσον
1126 1015 1169 1111 ήν

155 1128 289 1221 ἀχρεῖον
316 1133 446 1220 πλῆθος
473 1133 511 1199 ἐν
537 1133 578 1218 τῇ
595 1130 689 1199 πόλει
717 1130 923 1217 κατέστησαν
951 1127 1170 1217 ἀναμίξαντες

154 1239 223 1305 τῶν
250 1233 542 1326 στρατιωτῶνούκ
565 1235 687 1304 έλάττω
716 1245 847 1325 μοῖραν.
885 1237 952 1305 ἐπεὶ
983 1235 1021 1305 δὲ
1048 1241 1083 1305 οί
1107 1262 1168 1305 πο-
1184 1261 1222 1302 ιο,

154 1343 261 1429 λέμιοι
292 1341 532 1431 προσήλαυνον
567 1343 624 1413 καὶ
657 1338 759 1411 οὐδὲν
790 1338 840 1412 ἐπ’
876 1338 1000 1423 αὐτοὺς
1036 1344 1073 1411 ἐκ
1108 1345 1172 1411 τοῦ
1220 1430 1221 1433 ¹

155 1454 285 1535 τείχους
312 1444 430 1535 ἀφίετο
458 1449 571 1535 βέλος,
599 1449 817 1539 βεβαιοτέραν
844 1445 936 1536 εἶχον
961 1446 1024 1535 τήν
1051 1450 1171 1519 ἐλπίδα
1205 1481 1215 1544 ss

154 1555 216 1622 τοῦ
244 1551 315 1622 κατ’
347 1551 451 1644 ἀκρας
478 1554 632 1646 αίρήσειν
649 1551 712 1642 τήν
738 1553 849 1641 πόλιν,
876 1556 932 1623 καὶ
949 1552 1029 1634 τοὺς
1047 1556 1173 1636 ἵππους

156 1665 273 1729 ἔπαιον
305 1659 435 1749 μάστιξι
467 1661 522 1729 καὶ
555 1657 708 1749 ήμασσον
739 1658 797 1741 τὰς
828 1659 973 1749 πλευρὰς
999 1674 1069 1742 τοῖς
1095 1663 1171 1730 κέν-

113 1789 257 1855 Βτροις,
285 1769 347 1847 ἕως
373 1765 573 1854 ἐποιήσαντο
593 1769 691 1854 σφεόν
718 1764 801 1836 κατ’ὂι
818 1765 931 1835 νοίτου
958 1765 998 1834 τὰ
1021 1766 1171 1855 χώματα·
1185 1792 1211 1834 ιε

157 1876 329 1962 ἐπεποίητο
363 1872 400 1943 δὲ
432 1869 489 1942 ὑπ’
524 1870 639 1943 αὐτῶν
675 1875 785 1942 ἐκεῖνα
817 1873 981 1962 πρότερον
1012 1871 1097 1962 πρὸς
1132 1871 1171 1941 τὸ

156 1981 285 2069 ἐπέχειν
311 1983 373 2050 τοῦ
401 1986 605 2067 Μυχδονίου
620 1978 690 2062 ’τὰς
718 1979 845 2069 ε’κροάς,
873 1978 946 2063 ἰλύς
972 2005 1007 2047 τε
1033 1969 1078 2067 ήν
1096 1980 1173 2067 περὶ

155 2085 193 2155 τὸ
225 2093 350 2177 χωρίον
388 2078 426 2155 εὖ
459 2087 546 2174 μάλα
582 2093 704 2175 βαθεῖα
742 2082 823 2154 οὐδὲ
859 2082 966 2154 αὐτοῦ
1001 2087 1173 2166 παντελῶς
1213 2097 1216 2099 ’

157 2189 254 2272 ὄντος
286 2188 352 2260 ὑπὸ
383 2193 441 2278 της
473 2189 557 2278 ὕλης
588 2192 644 2259 καὶ
677 2196 732 2261 δια
759 2190 799 2261 τὸ
825 2196 958 2279 πίειραν
991 2188 1078 2260 εἶναι
1109 2189 1173 2279 τήν

156 2299 221 2382 χήν
252 2298 309 2365 καὶ
341 2298 468 2380 στέγειν
506 2295 678 2365 δύνασθαι
711 2298 812 2384 φύσει
842 2296 901 2378 τὰς
933 2297 1082 2385 λιβάδας.
1127 2288 1217 2385 ήνεο

157 2399 195 2469 δὲ
222 2404 371 2470 ἐνταῦθα
399 2403 455 2468 καὶ
482 2398 626 2472 παλαιὸν
645 2407 750 2492 ἔρυμα
777 2407 817 2492 τῇ
840 2403 935 2472 πόλει
960 2403 1089 2493 τάφρος
1116 2401 1172 2472 εὐ-

104 2536 138 2586 65
158 2522 240 2598 ρεῖα,
259 2509 315 2576 καὶ
334 2510 371 2576 ἐν
390 2503 473 2596 αὐτή
493 2507 684 2598 βαθύτερον
703 2509 911 2598 συνειστήκει
924 2510 1037 2597 τέλμα.
1070 2505 1171 2579 ἀπτο-

157 2616 268 2701 μένων
299 2613 337 2683 δὲ
369 2611 433 2702 ήδη
466 2617 534 2683 τῶν
565 2620 733 2702 πολεμίων
764 2616 821 2682 καὶ
852 2614 975 2702 ταύτης
1010 2617 1066 2688 καί
1099 2620 1171 2684 δια-

157 2726 290 2805 βαίνειν
315 2722 545 2809 πειρωμένων,
573 2719 752 2811 ἐπεξήεσαν
782 2722 901 2790 πολλοὶ
927 2720 989 2808 μὲν
1016 2726 1172 2808 ἔνδοθεν,

244 2921 256 2969 1
281 2913 510 2988 διαρπασάμενοι
533 2923 566 2977 V.
601 2922 718 2975 Videtur
742 2925 835 2973 autem
856 2921 981 2973 Iulianus
1007 2911 1172 2988 ἀναρπασί·

157 3002 240 3053 μενοι
263 2989 421 3054 seripsisse;
444 2989 499 3042 vid.
522 2989 687 3056 wesseling.
712 2989 748 3040 ad
771 2989 883 3045 Diodor.
907 2989 962 3041 vol.
986 2990 1000 3039 I
1025 3006 1050 3054 p.
1070 2990 1122 3041 585
1145 2994 1173 3040 ει

156 3054 266 3123 Pflugk.
290 3055 326 3105 ad
348 3055 413 3106 Eur.
433 3056 496 3109 Hel.
519 3058 567 3108 751
641 3050 857 3109 Βέοάλλεσθαι
879 3058 912 3108 V.
950 3057 1069 3122 Spectat
1089 3057 1170 3108 Iliad.

157 3139 186 3188 μ,
204 3123 263 3174 438.
294 3123 518 3174 of.infra'1113
585 3119 705 3176 4είναί
722 3141 754 3177 τε
772 3123 840 3192 VM]
865 3117 941 3177 εἶναι
959 3120 993 3177 δέ
1061 3116 1171 3178 δίπο-

157 3193 258 3255 μενεῖν
275 3187 318 3310 H}
332 3183 488 3256 ὑπομένειν
516 3189 520 3255 Ι
548 3181 639 3310 ὁρμήν
656 3194 682 3243 V
750 3195 781 3242 11
801 3183 847 3244 ἐπ’
868 3187 976 3252 αὐτοὺς
994 3187 1026 3243 ἐκ
1043 3191 1096 3245 τοῦ
1114 3191 1172 3244 τεί·

319 3275 336 3309 κ
358 3255 408 3310 τοῦ
431 3257 545 3323 τείχους
577 3253 609 3309 π’
630 3249 739 3319 αάτούς
813 3262 845 3310 15
867 3252 955 3326 κατὰ]
979 3253 1027 3312 ἐπὶ
1044 3261 1070 3310 V
1140 3262 1171 3311 16
1218 3310 1221 3317 s,

157 3255 313 3392 ἐτοιάἀοίήτο
325 3324 367 3405 ἋΗ]
390 3326 531 3408 πεποίητο
557 3322 563 3391 Ι
589 3316 688 3400 ἐχεῖνα
706 3323 746 3394 Η]
765 3320 885 3380 ἐκείνων
955 3330 987 3380 18
1005 3321 1077 3380 οὐδὲ
1096 3319 1170 3379 αάτὸ

157 3391 305 3451 παντελῶς
322 3408 356 3443 ον
376 3388 463 3460 ξηρὸν
479 3386 538 3446 υπό
555 3408 586 3444 τε
604 3397 675 3459 υλης
692 3394 759 3448 Rsk.
829 3397 860 3446 19
879 3391 945 3462 ἓλης
962 3395 987 3445 V
1038 3398 1072 3446 24
1090 3388 1171 3458 ἐπεξ-

155 3452 248 3526 ςήεσαν
270 3451 424 3528 (ἐπεξῇσαν
446 3460 636 3524 scribendum)
660 3477 712 3513 om.
731 3462 767 3524 V,
791 3465 876 3527 atque
898 3463 990 3514 loeum
1012 3469 1091 3515 uerte
1113 3478 1169 3514 non

144 3539 230 3574 ευιιιυ
249 3535 379 3593 occupat,
399 3519 448 3579 sed
466 3532 529 3596 post
548 3522 673 3581 ἔνδοθεν
690 3529 801 3580 videtur
819 3530 1010 3582 collocandum
