2408 3856
132 183 174 246 28
433 183 578 237 IULIANI
597 181 848 236 IMPERATORIS

131 309 282 399 συνήθει.
323 309 413 392 ὅπως
433 310 470 379 δέ
488 313 629 379 ἕκαστον
648 307 807 399 ἐπράχθη,
836 308 1048 398 διηγήσομαι.
1088 313 1176 379 δέ·

131 445 189 507 ρος
220 417 282 505 μέν
310 416 373 507 γάρ
406 408 449 504 ἦν
482 414 629 504 ἀκμάζον
657 422 719 504 έτι,
752 414 869 504 συνῄει
898 415 934 483 δέ
962 418 995 496 ἐς
1023 412 1149 486 ταύτὸν
1183 410 1196 445 ³

91 521 170 595 0τά
198 523 405 614 στρατόπεδα
431 522 519 592 πολὺ
545 522 610 613 πρὸ
637 525 706 610 τῆς
723 527 935 610 μεσημβρίας.
973 524 1149 610 ἐκπληττό-

130 658 226 718 μενοι
255 629 291 698 δέ
320 634 356 698 οἱ
384 631 536 718 πολέμιοι
568 628 630 717 τὴν
658 626 812 709 εὐταξίαν
844 630 901 696 καὶ
928 625 989 697 τὸν
1022 629 1149 720 κόσμον

131 739 186 806 καὶ
218 735 280 824 τὴν
313 731 471 824 ἡσυχίαν,
505 733 601 805 αὐτοὶ
635 736 672 804 δὲ
704 733 825 822 πλήθει
857 737 1051 823 θαυμαστοὶ
1084 765 1174 824 ‹pa-5

131 845 257 929 υέντες,
290 840 407 931 ἤρχετο
440 841 500 930 μέν
533 840 645 922 οὐδεὶς
675 845 733 930 τῆς
761 840 880 927 μάχης,
912 844 981 909 τῶν
1013 840 1075 929 μέν
1091 849 1149 924 ,είς

131 964 243 1038 χεῖρας
281 951 366 1018 ίέναι
402 947 486 1039 πρὸς
512 946 612 1018 οὕτω
650 948 965 1038 παρεσκευασμένην
1002 947 1150 1037 δύναμιν

132 1053 342 1142 ὀκνούντων,
378 1059 447 1124 τῶν
480 1055 517 1125 δὲ
553 1055 799 1145 περιμενόντων
836 1055 986 1134 ἐκείνους
1023 1051 1150 1144 ἀρχειν,

133 1159 222 1243 ὅπως
258 1159 464 1249 ἀμυνόμενοι
496 1165 634 1249 μάλλον
655 1163 691 1229 έν
723 1164 841 1245 πᾶσιν,
875 1157 950 1248 οὐχὶ
983 1159 1020 1228 δέ
1052 1159 1151 1231 αὐτοὶ

132 1270 278 1355 πολέμου
306 1265 386 1354 μετά
413 1266 475 1355 τὴν
508 1267 646 1357 είρήυην
675 1266 832 1357 ἀρχουτες
864 1282 1011 1354 φανεῖεν.
1057 1266 1150 1350 τέλος
1165 1299 1200 1338 ιο

88 1372 172 1441 M}
200 1368 217 1441 6
246 1376 304 1460 τῆς
331 1376 538 1462 βαρβαρικῆς
566 1376 696 1462 ἐκείνης·
720 1375 895 1460 δυνάμεως
922 1369 1066 1463 ἡγεμών,
1094 1402 1150 1463 με-

132 1480 254 1569 τέωρος
287 1476 404 1568 ἀρθεὶς
440 1475 524 1570 ὑπὲρ
557 1483 626 1548 τῶν
663 1478 815 1560 ἀσπίδων
850 1480 907 1547 καὶ
944 1479 1152 1567 καταμαθὼν

132 1583 170 1654 τὸ
198 1588 329 1673 πλῆθος
356 1588 393 1654 έυ
419 1585 522 1673 τάξει,
556 1581 626 1667 οἷος
654 1589 686 1668 ἐξ
721 1591 796 1657 οἵου
824 1587 944 1673 γέγονε.
968 1585 1024 1654 καὶ
1052 1594 1151 1669 ποίας

133 1688 226 1779 ἀφίει
255 1692 384 1779 φωνάς;
413 1693 643 1781 προδεδόσθαι
671 1696 764 1779 βοῶν
790 1691 949 1773 καὶτοὺς
977 1687 1061 1781 ὑπὲρ
1089 1696 1150 1762 τοῦ

41 1792 52 1870 s
132 1800 280 1885 πολέμου
308 1804 485 1879 πείσαντας
513 1798 723 1886 αι’τιοόμευος,
752 1801 892 1887 φεύγειν
920 1797 1001 1891 ρ’όετο
1030 1803 1152 1887 χρῆναι
1165 1826 1194 1868 15

133 1902 189 1976 διὰ
216 1904 338 1992 τάχους
360 1907 426 1975 ,καὶ
454 1909 553 1974 τοῦτο
586 1905 693 1994 μόνον
721 1910 756 1974 οί
785 1904 868 1996 πρὸς
897 1911 1066 1994 σωτηρίαν
1094 1903 1150 1994 ἀρ-

131 2015 257 2098 κέσειν,
295 2019 326 2080 εί
357 2011 524 2100 φθήσεται
556 2011 617 2082 τὸν
649 2011 800 2100 ποταμὸν
836 2015 1010 2099 διαβῆναι,
1048 2008 1151 2101 ὅσπερ

135 2120 203 2187 ἐστὶ
231 2121 289 2206 της
317 2119 427 2208 χώρας
454 2121 582 2207 ἐκείνης
600 2117 683 2208 πρὸς
710 2116 773 2206 τὴν
796 2115 958 2207 ἡμετέραν
987 2115 1065 2206 ὅρος
1094 2117 1150 2208 ἀρ-

132 2237 234 2310 χαῖος.
276 2227 380 2291 ταῦτα
418 2225 613 2309 διανοηθεὶς
650 2226 774 2304 ἐκεῖνος
805 2228 939 2315 πρῶτον
972 2224 1024 2293 ἐπὶ
1062 2224 1151 2294 πόδα

133 2334 288 2416 σημαίνει
319 2327 382 2415 τὴν
415 2325 645 2417 ἀναχώρησιν,
677 2331 733 2397 καὶ
764 2329 838 2398 κατ’
869 2327 984 2416 ὀλίγον
1016 2351 1150 2420 προστι-
1163 2357 1184 2397 ιο

79 2452 114 2500 24
133 2435 207 2515 θεὶς
239 2435 285 2525 τῷ
317 2433 409 2520 τάχει
441 2435 533 2515 τέλος
569 2433 635 2524 ἤδη
667 2440 833 2526 καρτερῶς
870 2443 1027 2524 ἔφευγεν,
1066 2443 1150 2525 ἔχων

134 2538 269 2626 ὀλίγους
307 2542 424 2621 ίππέας
456 2536 539 2628 ἀμφ’
580 2537 699 2630 αὑτόν,
735 2541 797 2631 τὴν
834 2543 980 2631 δόναμιυ
1017 2540 1152 2612 άπασαυ
1202 2585 1203 2588 ¹

134 2649 178 2738 τῷ
211 2647 307 2715 παιδὶ
339 2648 395 2715 καὶ
426 2649 472 2738 τῷ
504 2649 689 2740 πιστοτάτῳ
721 2652 791 2718 τῶν
828 2657 938 2736 φίλων
975 2651 1151 2738 ἐπιτρέψας
1199 2680 1203 2687 “

134 2749 237 2840 ἀγειν.
273 2756 379 2821 ταῦτα
407 2749 550 2843 ὁρωντες
577 2753 615 2823 τὸ
635 2755 821 2846 στράτευμα
849 2758 904 2825 καὶ
932 2763 1150 2843 χαλεπαίνον-

132 2885 195 2947 τες,
223 2856 274 2928 ότι
301 2865 467 2949 μηδεμίαν
495 2856 642 2950 ὑπέσχον
669 2865 736 2930 τῶν
763 2864 1014 2950 τετολμημένων
1042 2868 1151 2950 δίκην,
1164 2887 1201 2928 ω,

52 3030 61 3042 ,
133 2965 242 3054 έβόων
269 2963 364 3052 ἀγειυ
384 2964 434 3035 ἐπ’
466 2965 599 3055 αὐτούς,
628 2969 683 3037 καὶ
701 2969 896 3050 κελεύοντος
915 2970 1028 3057 μένειν
1048 2967 1151 3057 ἀχθό-
1195 2997 1197 3002 ·

202 3222 218 3270 3
222 3218 360 3301 μεσηβδ
347 3237 394 3279 ιας
411 3221 436 3272 V
504 3222 522 3270 4
541 3226 568 3269 et
586 3222 602 3270 5
620 3217 670 3270 καλ
689 3212 740 3271 τόν
758 3213 866 3304 κόσμον
883 3213 933 3272 καλ
951 3236 1005 3286 την
1023 3210 1153 3300 ἡσυχίαν

134 3283 171 3352 V]
195 3279 249 3350 τήν
266 3280 403 3367 ησυχίαν
409 3278 529 3339 καὶτὸν
547 3281 656 3370 κόσμον
725 3283 832 3341 θοόδέ
851 3283 894 3348 εἷς
911 3291 936 3340 V
1004 3278 1153 3352 θάμυνό-

133 3354 264 3538 fissa}
279 3439 292 3480 ς
303 3345 786 3488 αμνναῙμθενάιρωτονῙξίἷπάράτάξὶ
797 3357 808 3410 Ῡ
854 3360 917 3476 2014
927 3345 1104 3488 άόξιιόεειτίάξέά
1125 3361 1154 3472 εί

134 3488 168 3538 25
185 3483 261 3569 μηδὲ
280 3488 350 3554 μίαν
369 3491 394 3541 V
412 3487 422 3570 j
446 3495 512 3540 ante
531 3488 617 3556 δίκην
635 3491 705 3545 Rsk.
723 3496 751 3542 ελ
768 3493 796 3541 H
813 3488 867 3558 τὴν
887 3492 1051 3542 deleverunt
1120 3491 1153 3541 26

129 3553 315 3619 κελενοντος]
335 3548 503 3617 κελεύοντός
523 3558 595 3612 σουλ
1115 3606 1116 3609 ,
